3102 4934
760 348 944 405 -8...

278 529 403 606 πατέρα
428 532 497 588 sine
521 531 622 589 dubio
647 531 752 588 omitti
774 537 934 605 poterant.
973 529 1082 587 Nihilo
1105 530 1211 588 minus
1233 530 1349 588 similia
1365 538 1432 587 tam

279 648 377 706 saepe
400 632 488 706 apud
503 629 700 706 Sophoclem
723 631 941 701 inveniuntur,
962 640 998 688 ut
1019 645 1087 687 non
1109 631 1150 687 ab
1174 630 1259 688 illius
1274 630 1432 704 loquendi

279 749 401 808 genere
423 731 599 789 abhorreat
620 731 715 789 huius
738 731 829 789 modi
852 730 1077 806 exaggeratio,
1105 737 1203 803 atque
1227 746 1285 788 cur
1307 747 1346 788 ea
1367 731 1432 787 hoc

277 836 350 906 ipso
377 833 419 890 de
447 847 512 906 quo
547 832 655 907 agitur
675 832 750 890 loco
773 847 842 890 non
865 848 884 889 a
906 828 1069 910 Sophocle
1103 832 1146 889 sit
1177 831 1334 906 profecta,
1367 832 1432 889 nisi

277 939 401 991 temere
424 932 489 990 dici
510 947 578 990 non
601 933 714 1008 possit.
749 929 853 1004 Quam
869 932 911 989 ad
934 947 1004 989 rem
1027 932 1254 989 affirmandam
1275 931 1433 990 nonnulla

279 1032 431 1108 exempla
460 1032 578 1090 afferre
611 1033 724 1104 velim3
760 1033 880 1109 legitur
903 1029 981 1090 Oed.
1003 1030 1082 1108 Reg.
1106 1031 1166 1089 793
1189 1040 1221 1090 et
1245 1033 1338 1089 1514:
1375 1024 1432 1089 τοῦ

276 1124 495 1213 φυτεύσαντος
515 1122 648 1208 πατρός.
681 1133 728 1190 Ai.
755 1132 847 1190 1296:
871 1122 888 1189 ὁ
913 1122 1051 1212 φιτύσας
1072 1123 1188 1208 πατοζρ.
1221 1131 1334 1190 Trach.
1357 1131 1431 1190 311:

277 1233 326 1302 τίς
346 1224 379 1291 δ’
403 1226 417 1291 ὁ
442 1225 578 1313 φττύσοτς
600 1226 715 1310 πατήρ.

378 1368 426 1426 Ai.
450 1368 530 1424 1172
583 1360 685 1444 ἱκέτης
706 1360 837 1449 ἔφαφαι
859 1357 997 1445 πατρός,
1020 1358 1058 1435 ὅς
1079 1356 1111 1423 o'
1136 1361 1279 1439 ἐγείνατο

377 1468 476 1525 Elect.
492 1467 550 1525 261
584 1459 742 1550 ᾗπροῖτα
763 1463 823 1542 μὲν
844 1458 885 1522 τὰ
906 1458 1037 1545 μητρός,
1059 1458 1078 1545 ἢ
1098 1463 1130 1541 μ’
1152 1460 1308 1539 ἐγείνατο,

579 1562 719 1643 ἔχθιστα
740 1566 943 1645 συμβέβηκεν.

278 1699 423 1758 Verbum
445 1691 575 1780 ἐκφύειν
597 1701 717 1777 legitur
742 1698 821 1759 Oed.
843 1701 921 1777 Reg.
944 1701 1014 1758 437.
1040 1747 1046 1758 .
1072 1746 1078 1758 .
1105 1745 1111 1756 .
1144 1700 1192 1769 τίς
1213 1692 1250 1757 δέ
1270 1696 1302 1776 μ’
1323 1692 1433 1780 ἐκφύει

277 1791 418 1876 βροτῶν·
443 1800 558 1874 Neque
582 1800 798 1859 offensionem
821 1801 922 1872 affert,
949 1801 1039 1875 quod
1061 1817 1128 1859 non
1150 1817 1258 1872 unum,
1281 1800 1341 1858 sed
1364 1799 1431 1857 dno

277 1901 385 1975 posita
417 1907 491 1958 sunt
521 1903 632 1972 verba,
664 1900 699 1959 id
731 1902 821 1974 quod
852 1917 926 1959 cum
953 1898 1155 1960 Graecorum
1184 1901 1316 1959 dicendi
1337 1915 1432 1958 more

278 2003 441 2059 convenit.
489 1999 580 2059 Sicut
613 2002 730 2060 similia
763 2009 837 2059 sunt
869 2002 956 2076 apud
989 2001 1159 2059 Platonem
1191 2001 1252 2076 leg.
1275 1999 1319 2057 Vl
1342 2000 1431 2056 rich

277 2097 451 2174 γεννῶντες
471 2099 524 2158 καὶ
546 2095 757 2181 ἕκτρέφοντες.

376 2218 490 2293 Itaque
522 2220 602 2278 nihil
634 2226 742 2292 restat,
775 2221 864 2293 quod
896 2220 1043 2278 accusari
1076 2219 1182 2293 possit
1213 2219 1276 2276 nisi
1308 2234 1432 2281 nomen

276 2319 453 2393 proprium,
476 2320 565 2392 quod
587 2320 656 2377 iure
679 2336 721 2377 an
742 2320 860 2377 iniuria
882 2326 1061 2390 accusetur,
1086 2319 1305 2376 dirimendum
1320 2326 1377 2376 est.
1389 2348 1431 2356 --

277 2415 410 2476 Sublato
444 2420 577 2477 nomine
610 2421 845 2478 sententiarum
878 2420 1159 2478 continuationem
1191 2434 1259 2476 non
1295 2434 1432 2493 prorsus

225 2532 227 2536 “
277 2518 347 2575 tolli
369 2535 467 2593 supra
490 2519 708 2595 significatum
731 2528 788 2592 est,
817 2521 876 2577 sed
897 2527 1006 2578 utrum
1029 2519 1187 2577 orationis
1210 2518 1316 2576 forma
1339 2520 1430 2576 codi-

278 2619 369 2676 cibus
391 2619 511 2677 tradita
532 2636 574 2676 an
596 2620 659 2691 illa,
693 2636 776 2693 quae
801 2627 850 2677 est
872 2636 891 2676 a
914 2619 1034 2678 criticis
1057 2619 1235 2694 proposita,
1264 2619 1433 2677 efficacior

277 2719 326 2789 sit,
348 2719 412 2776 hoc
432 2720 657 2793 quaerendum
673 2727 729 2778 est.
758 2719 876 2793 inqua
898 2736 933 2777 re
956 2718 1151 2792 inquirenda
1165 2718 1305 2776 Nauckii
1326 2718 1431 2793 ipsius

276 2819 387 2890 verba,
420 2835 504 2893 quae
527 2820 570 2877 ad
592 2820 676 2877 hano
698 2836 768 2877 rem
790 2821 963 2894 pertinent,
996 2819 1119 2878 referre
1142 2818 1240 2876 liceat
1267 2816 1430 2887 (advers

277 2918 338 2976 823
360 2916 544 2988 adnotatalz
569 2917 733 2995 „Oidipus
755 2919 815 2977 der
835 2920 923 2978 noch
945 2919 1043 2977 keine
1066 2919 1210 2994 Ahnung
1230 2933 1299 2975 von
1320 2918 1431 2976 seiner

275 3018 440 3076 Herkunit
472 3020 534 3092 hat,
568 3021 655 3078 stellt
687 3021 757 3078 sich
783 3035 846 3076 vor
861 3065 867 3076 .
884 3066 890 3078 .
905 3064 911 3076 .
928 3010 953 3077 .“
998 3018 1090 3077 Haec
1116 3025 1226 3077 autem
1248 3015 1430 3093 Oedipodis

275 3119 448 3177 inscientia
469 3135 580 3178 nonne
603 3119 722 3193 Polybi
743 3121 877 3177 nomine
900 3120 1013 3177 addito
1038 3119 1155 3177 clarius
1190 3117 1430 3193 spectatoribus

279 3218 481 3277 ostenditur?
508 3219 622 3294 Itaque
644 3221 708 3278 hoo
728 3220 803 3278 loco
820 3220 905 3278 siout
919 3220 1028 3295 Antig.
1043 3219 1083 3276 46
1106 3219 1159 3276 ille
1182 3217 1313 3276 criticus
1336 3225 1431 3289 errat,

239 3374 242 3381 .
279 3334 354 3375 cum
376 3319 441 3377 illic
464 3319 584 3397 (Antig.
607 3316 660 3389 46)
683 3320 880 3379 vocabulum
907 3310 1053 3399 ἀδελφόν
1086 3318 1186 3389 reicit,
1219 3317 1287 3374 vim
1321 3324 1431 3375 autem

278 3418 347 3476 eius
370 3419 496 3490 retinet,
518 3420 571 3478 hic
593 3421 673 3493 quid
694 3428 793 3495 poeta
815 3428 949 3495 spectet,
972 3435 1170 3494 quamquam
1188 3419 1276 3476 haud
1291 3419 1430 3494 ignorat,

277 3524 386 3576 tamen
409 3519 590 3578 tollendum
611 3527 704 3578 notat
725 3522 768 3591 id,
802 3536 866 3594 quo
889 3520 969 3578 illud
992 3519 1219 3577 efficacissime
1243 3518 1431 3576 illustretur.

278 3617 437 3691 Sequitur,
457 3626 492 3677 ut
506 3620 570 3678 hoc
585 3621 659 3678 loco
676 3626 867 3694 suspectum
881 3636 1004 3678 nomen
1019 3635 1088 3677 non
1103 3618 1209 3676 solum
1223 3618 1301 3675 ferri
1317 3618 1431 3692 possit,

277 3719 337 3776 sed
360 3734 399 3777 eo
423 3727 550 3778 remoto
573 3721 665 3778 locus
693 3719 891 3795 depravetur
917 3721 1001 3778 sicut
1027 3719 1135 3794 Antig.
1157 3718 1205 3775 46.
1249 3717 1430 3790 Praecipue

277 3826 386 3877 autem
408 3827 543 3894 propter
566 3821 819 3878 collocationem
834 3820 953 3894 Polybi
975 3835 1096 3877 nomen
1117 3819 1200 3875 sicut
1216 3818 1270 3876 illa
1286 3818 1431 3889 nomina,

279 3920 319 3976 de
343 3921 460 3992 quibus
483 3937 581 3994 supra
604 3921 739 3996 egimus
763 3921 985 3995 suspicionem
1007 3919 1119 3976 movit.

377 4033 462 4107 Quin
485 4037 582 4094 etiam
603 4052 671 4095 non
693 4053 768 4094 raro
792 4038 927 4094 nomina
948 4036 1090 4110 propria,
1113 4050 1196 4108 quae
1220 4035 1260 4092 ab
1288 4033 1431 4108 appella·

277 4136 353 4193 tivis
386 4138 452 4194 suis
487 4136 649 4194 disiuncta
681 4152 750 4194 non
783 4144 876 4207 sunt,
910 4136 1010 4193 nimio
1045 4136 1232 4192 criticorum
1266 4134 1434 4208 purgandi

277 4237 386 4294 studio
410 4236 626 4310 expelluntur,
648 4238 738 4294 velut
760 4236 838 4293 Phil.
863 4235 942 4292 1442
959 4252 1027 4308 sqq.
