3102 4934
726 278 932 335 „42-

204 502 207 507 <
254 455 339 521 00.
369 455 495 523 Caesar
517 456 775 533 (adulescentem
797 455 954 539 appello),
977 477 1078 538 qaam
1110 463 1146 520 ta
1179 458 1322 521 salntem
1354 460 1407 524 roi
1506 444 1511 450 ¹

250 557 404 640 publicae
426 557 572 627 attaiisti
593 606 600 618 .
624 606 629 617 .
655 605 662 619 .
686 560 698 617 l

351 662 465 737 Neque
498 663 552 720 hic
577 663 670 720 locus
698 678 764 729 non
792 663 1013 721 attendendus
1039 663 1178 734 videtur,
1211 680 1309 737 quam
1342 665 1427 745 alia⁸

253 762 293 821 de
321 779 420 822 causa
446 782 474 839 p.
499 763 538 825 19
564 763 739 834 attulimus
767 763 842 820 dieo
873 779 932 837 pro
960 762 1066 839 Ligar.
1091 763 1116 821 1.
1141 763 1156 820 1
1185 757 1319 820 Nonam
1341 759 1405 822 cri-

252 878 337 937 men,
373 855 407 922 0.
432 854 569 932 Cacsar,
602 864 632 920 et
659 865 736 921 ante
763 856 850 920 hanc
876 858 965 920 diem
992 878 1059 920 non
1086 857 1242 939 auiditane
1262 859 1406 941 propin·
1459 912 1461 916 ,

252 979 338 1041 qaas
363 979 456 1022 meaa
477 954 585 1031 uasta,
610 954 646 1030 Q.
675 957 813 1032 Tabana,
840 957 967 1021 detulit.
1006 963 1088 1021 Nam
1111 964 1144 1021 in
1168 980 1208 1021 eo
1231 964 1315 1037 loco,
1338 980 1404 1039 quo

253 1064 426 1122 vocativus
453 1071 670 1138 exspectatur,
698 1064 834 1121 alterum
862 1079 983 1122 nomen
1011 1064 1152 1137 positum
1176 1072 1232 1122 est.
1267 1095 1304 1102 -
1338 1064 1406 1124 Sed

252 1164 329 1221 talia
355 1165 561 1237 potissimum
582 1165 685 1221 verba
708 1164 808 1240 digna
831 1172 912 1235 sunt,
936 1180 1019 1237 quac
1041 1164 1224 1235 afferantur,
1252 1181 1325 1223 cum
1349 1166 1405 1237 cie,
1475 1172 1479 1179 “

254 1266 331 1337 quid
361 1263 511 1323 Ciceroni
544 1266 577 1322 in
610 1265 772 1322 vocativis
806 1264 1009 1322 collocandis
1042 1262 1205 1322 interdum
1239 1266 1405 1339 placuerit,

255 1365 386 1438 planum
408 1366 476 1423 flat:
509 1366 550 1423 de
574 1372 654 1422 orat.
677 1364 698 1421 I.
721 1365 770 1422 47.
793 1364 852 1421 207
876 1359 956 1422 Peto
980 1359 1093 1441 iaitar,
1119 1355 1264 1422 Crassus
1285 1359 1404 1442 inquit,

253 1481 274 1523 a
302 1467 341 1538 te,
375 1459 534 1542 qnoniam
555 1459 592 1522 id
618 1460 721 1537 nobis,
748 1457 884 1528 Antoni,
917 1458 1104 1521 inminibus
1130 1459 1166 1522 id
1189 1459 1310 1523 aetativ
1332 1481 1420 1522 one.
1528 1472 1529 1479 ’

252 1560 302 1622 iic
324 1610 330 1621 .
356 1610 362 1622 .
387 1609 393 1621 .
418 1559 613 1643 imponitur,
639 1567 676 1622 at
706 1580 916 1642 capenas..
942 1608 948 1620 .
977 1565 1053 1623 ibid.
1081 1564 1103 1621 l.
1131 1564 1158 1622 9.
1180 1564 1222 1622 38
1245 1607 1252 1621 .
1276 1609 1282 1620 .
1308 1609 1313 1621 .
1339 1582 1405 1622 ont-

253 1660 347 1722 niam
368 1659 451 1723 mitti
472 1659 587 1725 iddeor
602 1659 757 1742 moeniis,
779 1655 908 1731 Crasse,
931 1659 1021 1722 uobis
1037 1659 1165 1722 daobas
1180 1658 1405 1741 eloquentissi-

250 1770 324 1823 'iaos
345 1759 480 1824 audisse
507 1759 556 1822 Ti.
580 1767 610 1822 et
635 1756 668 1823 0.
692 1758 912 1841 Semproniae,
934 1809 940 1821 .
963 1810 999 1822 ..

351 1865 508 1939 Denique,
543 1866 698 1939 quoniam
731 1865 772 1922 de
805 1865 994 1922 nominibus
1027 1865 1141 1941 agitur,
1178 1865 1212 1921 in
1248 1866 1404 1922 vocativo

253 1966 376 2040 positis,
409 1966 490 2023 hacc
523 1968 626 2023 verba
659 1966 806 2024 Tulliana
838 1965 915 2022 addi
948 1966 1052 2036 liccat,
1086 1980 1169 2038 quae
1196 1965 1229 2022 in
1258 1965 1404 2036 editione

252 2066 480 2124 Teubneriana
501 2066 546 2123 ita
569 2066 734 2142 leguntur:
758 2065 847 2124 Verr.
870 2066 892 2124 l.
916 2067 964 2124 48.
989 2065 1046 2122 127
1071 2057 1160 2132 Quid
1183 2066 1239 2139 est,
1265 2059 1405 2122 Verres?

253 2168 368 2223 atiani
401 2182 443 2223 ne
474 2159 525 2223 his
557 2155 691 2242 qaid'eia
723 2160 859 2224 testibus
889 2161 1052 2238 caedetur,
1086 2180 1131 2223 an
1158 2158 1238 2223 haec
1264 2160 1310 2222 ad
1332 2179 1405 2221 rent

254 2282 322 2323 non
339 2259 530 2342 pertinent?
563 2281 630 2323 non
653 2261 826 2323 credemus
851 2261 896 2323 M.
926 2259 1071 2338 Octauio,
1105 2280 1171 2322 aon
1199 2258 1236 2321 L.
1266 2258 1404 2342 Liqari?

254 2360 328 2442 qais
350 2360 444 2423 iacbic
466 2361 584 2440 credet,
608 2360 662 2424 cai
677 2361 758 2424 nos?
780 2361 861 2442 qaid
881 2368 938 2438 eat,
961 2354 1130 2443 [Vernae]
1152 2360 1239 2441 qaod
1255 2359 1403 2442 planam

251 2461 327 2542 fieri
349 2460 484 2523 testibus
500 2460 619 2543 possit,
646 2461 676 2523 si
698 2460 757 2524 hcc
779 2482 845 2523 non
866 2461 924 2541 fit?
947 2495 986 2505 -
1009 2464 1169 2522 Iordanus
1192 2448 1325 2538 quoque¹
1346 2466 1403 2525 ite·

253 2575 358 2624 ratum
380 2564 490 2624 Verris
514 2583 634 2625 nomen
657 2566 798 2638 seclusit,
825 2582 1021 2639 quamquam
1049 2565 1200 2623 codicum
1227 2565 1403 2622 lectionem

253 2682 320 2724 non
344 2668 484 2738 obstare,
517 2668 690 2741 quominus
706 2667 797 2726 illud
823 2674 980 2736 teneatur,
1014 2682 1057 2722 cx
1083 2666 1144 2722 hac
1168 2665 1314 2723 eiusdem
1337 2664 1403 2722 Ion-

216 2750 219 2751 ⁷
254 2767 331 2824 dani
362 2767 575 2825 adnotatione
609 2768 720 2844 colligi
753 2783 851 2841 posse
884 2767 1026 2824 videtur:
1069 2760 1186 2822 Verres
1216 2781 1278 2821 ont.
1313 2781 1337 2822 e.
1368 2759 1401 2820 V.

253 2863 350 2938 Quod
373 2868 502 2943 signum
524 2869 610 2926 hunc
633 2869 666 2925 in
688 2867 823 2925 modum
846 2867 1052 2944 explanatur:
1082 2860 1114 2924 U
1115 2860 1147 2923 bi
1162 2859 1275 2922 Maias
1290 2859 1404 2922 editio·

254 2961 307 3023 nis
328 2960 517 3044 scripturae
540 2962 774 3025 anctoritatem
801 2960 923 3025 codicis
956 2982 1022 3023 non
1055 2960 1179 3023 diserte
1212 2959 1402 3041 aduenipsit,

253 3061 348 3145 aiano
371 3083 395 3125 e.
418 3062 452 3123 V.
478 3066 565 3137 (edit.
581 3065 663 3136 Vat.)
680 3063 733 3125 asi
747 3082 882 3125 samaa.
906 3111 912 3124 .
937 3089 957 3140 .;
980 3061 1150 3123 interdum
1165 3060 1239 3124 iare
1254 3058 1404 3122 dubitati

254 3161 395 3240 uidetur,
418 3162 542 3225 satisne
565 3169 721 3226 aceetnate
742 3161 866 3225 codicis
887 3161 1093 3243 scriptarum
1114 3160 1151 3223 ia
1179 3159 1322 3223 editione
1350 3180 1403 3221 ea-
1443 3147 1444 3150 ¹

248 3262 422 3344 prunerii
440 3298 476 3304 -
494 3268 639 3339 Accedit,
656 3270 745 3341 quod
769 3268 885 3325 eadem
907 3267 1050 3325 nominis
1073 3267 1224 3341 repetitio
1239 3265 1404 3323 invenitur

255 3369 288 3425 in
312 3366 400 3426 Catil.
423 3368 445 3424 Ι.
468 3372 495 3426 5.
521 3369 558 3426 13
593 3361 681 3435 Qaid
714 3371 771 3440 eat,
800 3359 970 3426 Catilina?
1004 3382 1085 3424 nam
1118 3360 1252 3425 dubitas
1284 3360 1321 3423 id
1353 3380 1404 3421 nte

254 3462 440 3544 imperante
459 3462 584 3546 facere,
608 3464 696 3544 qaod
718 3463 787 3527 iane
810 3470 870 3525 taa
891 3467 1006 3544 sponte
1026 3461 1197 3542 faciebas?
1229 3458 1339 3523 Eaire
1362 3478 1403 3521 ea

253 3563 335 3625 arbe
356 3562 449 3645 iabet
466 3563 581 3627 consid
608 3563 741 3627 hostem.
787 3563 982 3646 laternoyas
1004 3581 1064 3640 nte,
1088 3582 1169 3623 nain
1190 3560 1227 3623 in
1250 3559 1403 3632 emiliana

254 3683 321 3725 non
353 3662 456 3742 iubeo,
489 3665 557 3742 aed,
590 3665 619 3727 si
652 3685 703 3725 ine
736 3662 891 3741 consalin,
925 3662 1059 3726 suadeo.
1104 3657 1194 3733 Quid
1227 3667 1275 3724 eat
1308 3659 1403 3737 enine,

257 3758 415 3826 Catilina.
438 3764 526 3845 qaod
549 3770 578 3827 te
600 3764 670 3828 iant
696 3764 730 3826 in
752 3763 814 3826 itae
836 3763 916 3825 arbe
938 3761 1103 3825 delectare
1119 3760 1249 3845 possiti

354 3867 513 3941 Sequitur,
536 3878 571 3928 ut
593 3871 675 3940 loco,
699 3868 878 3927 eVerrinis
896 3869 1005 3942 petito,
1021 3865 1131 3925 Verris
1155 3883 1277 3924 nomen
1299 3880 1402 3923 remo-

255 3970 399 4025 vendum
422 3988 489 4029 non
513 3972 561 4028 sit.
