3102 4934
728 355 934 410 „14-

406 543 440 594 at
461 533 615 607 Graecus,
636 543 808 611 postquam
832 544 882 594 est
902 536 985 594 Italo
1007 537 1159 613 perfusus
1182 546 1286 609 aceto

406 636 536 694 Persius
559 637 749 695 exclamat.
773 682 779 694 .
802 682 808 694 .

256 753 329 811 Hoc
352 755 438 811 enim
460 754 535 811 loco
558 755 621 811 nisi
642 756 737 812 metri
759 755 885 813 ratione
901 761 1066 829 tamquam
1085 756 1218 813 vinculo
1234 763 1409 828 teneretur,

257 854 344 911 haud
380 855 478 912 dubie
514 855 610 912 unius
646 856 700 913 vel
736 856 869 913 alterius
907 856 1127 930 suspicionem
1161 855 1251 914 Persi
1287 872 1410 914 nomen

255 954 421 1025 movisset,
444 962 540 1028 atque
564 971 604 1013 eo
626 956 740 1031 magis
763 956 853 1028 quod
868 971 968 1013 versu
982 955 1023 1013 28
1037 950 1287 1027 Praenestinus,
1309 972 1409 1015 versu

254 1053 294 1111 32
316 1047 403 1111 Italo
427 1056 517 1112 aceio
541 1056 666 1113 dieitur.

354 1154 468 1227 Neque
491 1157 598 1229 poetis
621 1157 722 1231 epicis
745 1163 800 1214 aut
823 1157 958 1214 comicis
978 1157 1032 1215 illa
1047 1157 1216 1214 nominum
1233 1157 1408 1214 collocatio

258 1253 422 1328 displicuit
443 1272 550 1328 neque
577 1257 746 1314 abhorruit
768 1273 787 1314 a
809 1256 953 1331 pedestri
977 1272 1136 1315 sermone.
1180 1254 1316 1315 OvidIus
1340 1257 1409 1330 qui-

258 1355 342 1425 dem,
364 1365 399 1412 ut
421 1357 578 1417 nonnulla
599 1357 765 1431 proferam
788 1357 948 1430 exempla,
971 1357 1101 1432 sempsit
1123 1356 1196 1415 Met.
1217 1356 1240 1413 I.
1265 1358 1324 1414 149

407 1470 501 1530 Victa
523 1473 608 1531 iacet
630 1474 744 1547 pietas,
767 1481 799 1531 et
821 1471 922 1548 Virgo
947 1474 1049 1531 caede
1071 1474 1251 1545 madentes,

407 1572 519 1629 ultima
541 1573 728 1644 caelestum,
750 1580 854 1631 terras
876 1573 1014 1631 Astraea
1036 1574 1172 1647 reIIquit,

257 1688 334 1746 ibid.
355 1688 378 1745 Ι.
401 1688 463 1745 2ῖο

406 1789 526 1848 NuntIa
548 1789 689 1848 Iunonis
711 1792 822 1849 varios
844 1790 957 1848 induta
980 1791 1110 1848 colores

407 1891 552 1966 conprit
572 1890 633 1948 Iris
656 1907 765 1964 aquas

355 2005 469 2079 Neque
492 2008 526 2064 in
549 2007 674 2065 deliciis
696 2024 764 2066 non
786 2009 939 2066 habuisse
962 2008 1148 2065 nominibus
1171 2008 1311 2083 propriis
1345 2008 1409 2065 hoe

255 2110 356 2167 modo
379 2109 426 2166 uti
447 2107 627 2186 Vergilium
651 2109 728 2167 satis
751 2110 883 2183 planum
904 2109 974 2167 fieri
997 2109 1193 2167 crediderim
1221 2108 1282 2165 hos
1314 2109 1408 2165 locos

257 2210 479 2268 consideranti
501 2210 580 2269 Aen.
603 2207 669 2266 VII.
695 2209 753 2267 122
1200 2208 1205 2215 '

606 2327 737 2402 genitor
759 2327 837 2384 mihi
859 2326 935 2383 talla
957 2341 1098 2398 namque

408 2425 507 2496 (nune
529 2424 658 2501 repeto)
682 2427 842 2485 Anchises
863 2426 1006 2484 fatorum
1029 2441 1149 2483 arcana
1171 2426 1308 2498 reliquit,

256 2545 332 2602 ibid.
354 2544 392 2602 Π.
415 2545 476 2602 596

405 2661 472 2703 non
494 2633 583 2721 prius
607 2645 747 2720 aspicies
770 2645 825 2701 ubi
847 2645 971 2701 fessum
993 2650 1101 2702 aetate
1124 2650 1294 2716 parentem

407 2746 541 2820 itqueris
564 2746 737 2815 Anchisen,

257 2861 334 2919 ibid.
356 2861 409 2919 III.
432 2861 493 2919 610

406 2980 476 3054 ipse
499 2987 592 3053 pater
614 2979 765 3036 dextram
788 2977 956 3049 Anchises,
978 2976 1067 3034 haud
1088 2977 1190 3034 multa
1211 2984 1365 3047 moratus,

407 3080 463 3137 dat
484 3079 603 3136 iuveni.
623 3125 629 3137 .
652 3123 658 3136 .

257 3193 380 3267 Quibus
404 3197 506 3253 tribus
539 3196 620 3253 locis
644 3195 806 3254 Anchisae
828 3211 950 3253 nomen
974 3196 1131 3252 omissum
1153 3210 1220 3251 non
1244 3194 1407 3251 desidera-

258 3305 360 3368 retur;
382 3296 459 3353 ibid.
482 3294 566 3352 VIII.
591 3295 630 3354 28

409 3428 482 3470 cum
505 3419 599 3487 pater
619 3413 653 3470 in
675 3414 746 3488 rIpa
769 3412 935 3489 gelidique
959 3412 1018 3468 sub
1041 3412 1182 3489 aetheris
1206 3428 1268 3468 axe

406 3512 545 3590 Aeneas,
567 3513 651 3570 tristi
673 3514 821 3571 turbatus
844 3520 981 3587 pectora
1002 3512 1098 3582 bello,

407 3613 589 3687 procubuit.

258 3713 333 3770 ibid.
355 3713 377 3769 I.
401 3713 461 3770 315

407 3831 544 3904 virgmis
568 3846 605 3888 os
627 3831 837 3904 habitumque
861 3846 980 3905 gerens
1004 3838 1036 3887 et
1059 3828 1194 3904 virginis
1218 3844 1316 3898 arma

407 3929 585 4005 Spartanae
607 3931 661 3988 vel
684 3932 788 4004 qualis
811 3945 914 4003 equos
936 3929 1089 3987 Threissa
1112 3929 1228 4003 fatigat

408 4031 594 4104 Harpalyce
616 4032 850 4103 volucremque
872 4031 951 4106 fuga
973 4029 1189 4104 praevertitur
1210 4027 1364 4085 Hebrum.

258 4149 329 4219 <duo
362 4149 437 4205 loco
471 4164 667 4220 quamquam
694 4148 727 4205 id
754 4162 820 4204 non
843 4146 1024 4221 periculum
1047 4153 1104 4216 est,
1127 4162 1168 4203 ne
1191 4145 1263 4218 quis
1286 4144 1408 4218 Harpa-

258 4249 350 4320 lyces
366 4264 487 4306 nomen
502 4248 644 4318 inducat,
656 4255 765 4305 tamen
778 4248 833 4320 qui
845 4247 924 4303 nihil
935 4247 1098 4318 antIquius
1114 4245 1235 4303 habere
1250 4245 1408 4313 videatur,
