3102 4934
714 331 921 388 ...ffi-

240 515 308 572 siut
330 515 406 571 unci
429 513 469 570 de
492 514 553 589 leg.
576 530 643 589 agr.
660 513 697 570 ll.
720 514 767 571 34.
791 514 830 571 92
852 515 908 587 qui
931 515 1093 572 derimere
1116 513 1202 583 velit,
1229 513 1258 569 ci
1281 529 1301 569 a
1323 529 1397 570 sen-

242 615 417 672 tentiarum
433 614 679 671 continuatione
702 614 977 688 proficiscendum
993 630 1065 672 esse
1081 613 1286 671 crediderim.
1315 611 1401 670 Sunt

240 724 352 772 autem
375 715 479 771 verba
500 714 595 772 haec:
640 708 732 772 Haec
764 708 906 772 coasilia
937 708 1106 773 maiorum
1139 707 1185 771 M.
1209 707 1326 785 Bruto,
1359 713 1400 770 ut

239 815 343 872 arrico
365 808 450 886 dimi,
473 807 747 890 reprehendenda
769 804 815 892 [et
830 809 868 872 P.
882 804 1001 893 Rullo]
1023 808 1096 872 cisa
1112 816 1208 886 auum·
1231 828 1334 889 neque
1355 813 1399 885 te,

243 910 280 971 P.
298 907 408 985 limile,
431 907 545 972 omina
559 907 621 972 illu
637 909 682 970 M.
700 908 803 972 Bruti
819 916 917 990 atque
932 908 1086 991 auspicio
1108 928 1130 971 a
1151 906 1257 971 circili
1274 907 1401 991 furore

240 1011 422 1073 ‹leterrent
459 1011 605 1086 Quorum
627 1016 804 1073 verborum
827 1016 936 1090 priore
960 1022 1051 1089 parte
1076 1007 1172 1085 (hacc
1194 1006 1335 1072 cormilia
1348 1057 1354 1069 .
1369 1055 1399 1069 .,

243 1109 316 1172 cisa
338 1112 429 1182 sicut)
452 1114 507 1171 illa
529 1115 691 1172 sententia
707 1116 874 1189 repetitur,
896 1131 979 1188 quae
996 1122 1088 1189 parte
1104 1114 1310 1187 superiorum
1324 1128 1400 1169 ver·

240 1217 360 1273 borum
384 1215 571 1273 continetur
593 1210 625 1285 (ξ
647 1212 714 1283 891
760 1207 887 1282 Quodsi
913 1208 1059 1274 maiores
1081 1207 1188 1272 nostri
1210 1207 1401 1270 cristinam·

242 1316 316 1373 aerii
344 1329 542 1390 pueroquum
576 1309 612 1372 im
644 1316 715 1372 tum
747 1309 875 1373 iiirratri
907 1309 1101 1392 imperiosi
1127 1314 1194 1371 laur
1214 1305 1403 1389 praeclara

239 1408 363 1492 popuii
385 1408 532 1472 Romami
564 1408 747 1492 disciplima
774 1410 819 1471 M.
842 1410 946 1473 Bruti
979 1415 1039 1473 aut
1060 1409 1098 1471 P.
1123 1407 1219 1471 Rulli
1253 1406 1402 1471 similem

236 1510 399 1592 flitmum
423 1507 497 1583 (llos
519 1508 607 1572 enim
629 1530 690 1572 tros
712 1510 797 1574 duos
819 1508 929 1575 adbuc
951 1508 1105 1586 vidimus,
1138 1508 1196 1590 qui
1218 1507 1304 1572 hamc
1325 1526 1401 1587 rem

237 1609 410 1692 poblicum
425 1603 578 1691 Capuam
600 1616 704 1673 totam
726 1609 916 1692 transferre
939 1608 1083 1687 uellem),
1101 1608 1256 1692 profecto
1278 1627 1402 1671 nomem

241 1710 338 1772 illim
364 1710 458 1772 urbia
479 1731 546 1772 non
568 1710 785 1792 reliquissent.
1370 1768 1372 1771 ,

346 1813 508 1887 Quoniam
542 1823 609 1873 tum
642 1816 719 1874 inde
741 1832 761 1872 a
782 1811 802 1887 ἓ
824 1815 865 1873 90
897 1816 1066 1888 usquead
1097 1810 1179 1886 §92
1202 1814 1403 1888 explanarit,

242 1924 326 1988 quot
351 1923 556 1988 quantosque
580 1916 703 1989 ceperit
724 1915 849 1974 fructus
872 1916 1010 1989 populus
1026 1914 1191 1973 Romanus
1207 1931 1224 1971 c
1240 1914 1403 1972 maiorum

246 2015 311 2073 illis
335 2015 488 2085 consiliio,
511 2023 688 2073 auctores
709 2016 812 2073 verba
835 2015 921 2085 dicit,
944 2016 1119 2088 dequibus
1133 2015 1248 2091 agitur.
1284 2008 1403 2087 Itaque

245 2123 383 2187 uterque
418 2130 541 2186 eorum,
574 2115 691 2188 quibus
723 2115 997 2189 reprehendenda
1028 2115 1101 2172 visa
1132 2122 1208 2172 suut
1238 2115 1404 2172 maiorum

242 2215 392 2284 consilia,
425 2215 612 2273 nominetur
641 2231 723 2288 opus
746 2223 803 2273 est.
847 2212 944 2287 Quod
966 2214 1097 2288 quidem
1120 2215 1191 2271 fieri
1214 2213 1402 2272 conceden-

241 2314 322 2372 dum
356 2322 413 2385 est,
446 2315 573 2373 etiamsi
595 2315 698 2372 verba
720 2317 750 2371 cl
772 2310 810 2371 P.
834 2308 937 2372 Rullo
959 2322 1204 2387 removeantur;
1238 2314 1287 2372 his
1310 2314 1402 2371 enim

243 2415 379 2473 remotis
402 2430 476 2472 cum
498 2415 601 2473 verba
622 2408 701 2472 baec
724 2408 864 2473 consiliu
886 2409 1055 2473 maiorum
1079 2457 1085 2470 .
1110 2458 1116 2470 .
1142 2457 1149 2470 .
1173 2408 1341 2471 deterrent
1363 2414 1403 2471 in

243 2532 344 2573 unum
366 2524 493 2585 coeant,
516 2516 598 2573 haec
619 2515 690 2574 fere
713 2516 876 2574 sententia
898 2515 1041 2573 exsistit:
1077 2515 1238 2572 maiorum
1261 2512 1404 2571 consilia

243 2624 278 2672 et
300 2615 340 2672 M.
362 2615 463 2672 Bruto
486 2615 760 2688 reprehendenda
791 2615 863 2674 visa
895 2623 970 2673 sunt
991 2631 1098 2688 neque
1120 2614 1152 2671 P.
1175 2614 1285 2673 Rullus
1307 2629 1327 2671 a
1348 2630 1403 2671 re-

245 2715 490 2789 prehendendis
512 2715 574 2772 illis
597 2714 788 2773 deterretur.
832 2713 897 2773 Sed
931 2716 1078 2773 oratione
1101 2715 1188 2774 hunc
1209 2715 1242 2772 in
1264 2712 1404 2772 modum

241 2815 484 2872 conformanda
499 2831 573 2872 cum
594 2815 761 2873 mutilatur
782 2815 1018 2872 sententiarum
1041 2815 1150 2885 series,
1173 2822 1241 2873 tum
1264 2814 1332 2871 eius
1347 2813 1403 2871 vis

241 2915 438 2972 debilitatur.
482 2913 670 2988 Numquae
694 2915 856 2973 sententia
881 2914 1000 2972 dicitur
1020 2915 1131 2972 verbis
1154 2908 1233 2971 llaec
1255 2907 1403 2972 coasilia

245 3059 251 3070 .
278 3058 284 3070 .
310 3058 316 3070 .
341 3010 510 3075 deterrent
532 3015 686 3077 adhibitis
709 3016 810 3086 uncis,
844 3015 893 3072 his
921 3015 1057 3072 sublatis
1079 3015 1266 3072 continetur
1287 3014 1405 3073 verbis

240 3109 324 3173 baec
336 3108 495 3172 consiliu.
514 3159 519 3170 .
538 3158 544 3170 .
562 3109 635 3173 uisa
647 3117 725 3172 sumt
740 3115 844 3188 iisque
860 3115 1047 3173 continetur
1062 3114 1150 3172 nulla
1166 3114 1406 3189 declinatione3

242 3230 329 3287 quae
354 3215 512 3272 orationis
534 3214 641 3272 forma
663 3222 797 3289 propter
818 3215 898 3273 illud
924 3216 1030 3289 ipsum
1062 3216 1099 3271 ut
1121 3215 1222 3272 antea
1244 3208 1320 3271 dimi
1351 3216 1404 3272 vi-

242 3315 341 3372 detur
363 3324 538 3389 praestare,
561 3316 589 3372 si
612 3315 744 3388 quidem
767 3315 980 3373 conferrmtur
1002 3330 1085 3387 quae
1108 3322 1205 3372 antea
1220 3315 1308 3372 dicta
1323 3323 1406 3374 sunt

243 3410 279 3487 (ἓ
302 3411 355 3483 89)
391 3409 436 3473 Μ.
458 3410 562 3474 Bruti
590 3416 650 3474 aut
672 3411 710 3473 P.
733 3409 829 3472 Rulli
850 3408 993 3473 similem
1028 3422 1061 3474 et
1092 3408 1150 3472 hos
1183 3409 1271 3472 enim
1304 3408 1404 3472 cirros.

242 3515 327 3574 Tum
339 3524 452 3573 orator
464 3544 500 3553 —
514 3522 549 3574 ut
565 3517 749 3574 summatim
761 3530 874 3573 eorum
887 3530 970 3588 quae
982 3515 1197 3588 insequuntur
1211 3514 1313 3571 verba
1325 3530 1405 3572 sen·

244 3616 349 3673 tentia
374 3615 577 3691 significetur
599 3643 639 3652 —
661 3616 707 3672 ita
727 3615 796 3672 fere
819 3614 941 3691 pergit:
965 3615 1043 3688 quin
1066 3614 1165 3672 ctiam
1187 3620 1229 3685 tu,
1251 3613 1283 3671 P.
1298 3613 1403 3686 Rulle,

242 3731 320 3772 cum
345 3714 434 3772 idem
457 3716 581 3777 moliris
604 3731 643 3772 ac
666 3715 704 3772 M.
719 3715 845 3786 Brutus,
870 3715 939 3773 eius
963 3715 1074 3772 omnia
1095 3714 1149 3771 illa
1171 3722 1268 3786 atque
1291 3715 1403 3786 auspi-

243 3816 298 3872 cia
329 3815 489 3891 neglegis
523 3832 598 3874 nam
614 3816 860 3876 ‚acerbissimas
893 3816 945 3874 ille
980 3814 1111 3889 pertulit
1144 3830 1283 3888 poenas3
1317 3830 1343 3871 e.
1381 3815 1400 3873 i.

243 3916 358 3972 furore
383 3923 578 3974 occaecatus
594 3924 644 3974 est
659 3924 796 3989 uterque
813 3916 951 3974 consilia
966 3916 1126 3972 maiorum
1141 3913 1401 3988 reprehendere,

242 4031 286 4074 co
320 4022 430 4098 autem
463 4016 568 4092 magis
601 4015 633 4074 P.
655 4015 774 4089 Rullus,
807 4017 897 4089 quod
930 4015 1008 4074 nihil
1044 4014 1156 4073 didicit
1190 4031 1233 4071 ex
1261 4013 1399 4073 alterius

244 4114 422 4189 suppliciis,
449 4118 598 4189 quamvis
625 4119 740 4194 gravia
765 4118 893 4175 fuerint.
916 4146 956 4154 —
980 4113 1105 4189 Quodsi
1133 4116 1214 4173 haec
1237 4115 1400 4188 accipitur

244 4217 482 4274 sententiarum
506 4219 717 4289 continuati0‚
741 4219 833 4276 cuius
848 4218 1062 4292 probabilitas
1079 4233 1119 4274 co
1135 4222 1282 4293 augetur,
1305 4217 1398 4289 quod
