3102 4934
698 644 724 700 3.

234 778 296 835 Pro
330 777 462 853 Ligario
501 777 527 834 l.
560 776 600 834 23
633 776 805 834 Muellerus
842 777 944 834 verba
979 777 1024 835 ita
1060 776 1176 833 edidit:
1219 768 1284 834 Sed

134 892 263 955 qaoque
285 872 383 936 modo
405 894 439 933 se
462 870 548 934 iliad
574 870 679 947 hebet,
706 869 786 933 llaec
811 870 960 952 querella
983 865 1151 953 [Tubero]
1175 876 1285 932 vestra

134 972 215 1053 qaid
238 971 354 1035 valet.
380 1021 386 1034 .
411 1020 417 1033 .

235 1093 324 1152 Inter
347 1094 481 1152 codices
504 1101 622 1164 autem,
645 1102 679 1150 ut
701 1093 916 1170 intellegatur,
939 1093 1018 1165 quid
1040 1093 1082 1151 ad
1098 1099 1284 1168 suspectum

134 1211 255 1257 nomen
270 1195 478 1265 fulciendum,
502 1194 646 1268 quidque
662 1194 702 1251 ad
726 1194 814 1252 idem
836 1193 1043 1252 refutandum
1066 1211 1109 1252 ex
1132 1192 1179 1252 eis
1202 1193 1284 1251 sumi

134 1296 252 1370 possit,
296 1295 404 1352 codex
448 1290 696 1352 Gemblacensis
740 1302 772 1352 et
815 1294 1051 1352 Ambrosianus
1099 1293 1284 1369 perhibent:

135 1394 305 1467 „querella
320 1394 459 1465 Tubero,
481 1389 616 1452 vestra“.
653 1393 689 1451 In
713 1395 828 1452 codice
851 1394 1033 1453 Erl'urtensi
1051 1392 1150 1463 (nuuc
1166 1390 1283 1460 Berol.l

135 1495 391 1570 superscriptum
414 1502 463 1552 est
483 1493 666 1552 Tuberonis
690 1509 818 1552 nornen.

236 1610 394 1669 Codicum
428 1627 508 1687 crgo
536 1611 633 1669 lectio
661 1613 792 1669 minime
821 1612 937 1681 obstat,
965 1628 1029 1683 quo
1052 1611 1158 1668 minus
1181 1609 1284 1667 Tube·

136 1713 224 1770 ronis
247 1728 368 1769 nomen
391 1722 565 1770 remancat.
609 1711 732 1784 Quodsi
750 1719 896 1770 remanet
910 1727 1039 1781 nornen,
1062 1711 1285 1784 ‹luserendum

137 1822 194 1883 est,
217 1828 294 1869 num
318 1812 349 1869 in
373 1812 442 1869 eius
465 1811 683 1870 collocatione
706 1813 755 1883 sit,
778 1813 810 1869 in
834 1828 898 1885 quo
919 1811 991 1884 quis
1007 1811 1142 1868 haerere
1159 1812 1285 1881 debeat

136 1910 225 1970 Ordo
249 1910 382 1983 quidem
407 1912 583 1968 verborum
613 1905 739 1968 Tubero
766 1913 877 1969 restro
902 1911 936 1968 in
970 1910 1139 1968 codicibus
1174 1926 1285 1968 errore

136 2012 254 2070 mutari
276 2012 392 2085 potuit,
416 2012 534 2069 oollam
557 2012 643 2069 enirn
667 2013 741 2068 loeo
766 2012 882 2069 codice
903 2009 931 2069 G
953 2028 987 2067 se
1011 2004 1107 2080 illari,
1128 2010 1285 2068 codiceFl

135 2106 222 2169 illud
244 2127 278 2167 ae
301 2112 454 2171 traditum
482 2121 539 2169 est.
583 2113 680 2184 Atqui
713 2129 779 2170 non
814 2121 879 2170 tam
914 2111 1123 2187 singulariter
1155 2110 1286 2168 videtur

135 2228 257 2269 nornen
284 2228 357 2269 esse
384 2213 534 2285 positam,
568 2212 728 2286 siquidem
762 2212 947 2281 attenditur,
981 2219 1102 2284 ‹ruanta
1134 2211 1284 2268 libertate

135 2313 168 2368 in
200 2312 363 2369 vocativis
397 2312 600 2369 collocandis
627 2312 673 2370 uti
706 2313 833 2370 licuerit
866 2313 996 2382 oratori,
1030 2320 1127 2384 atque
1160 2311 1197 2381 ei,
1231 2311 1284 2383 qui

136 2420 226 2470 tanta
263 2420 350 2469 esset
387 2412 534 2470 ubertate
570 2421 668 2486 atque
712 2413 891 2482 alacritate,
935 2420 1055 2485 quanta
1092 2409 1284 2469 Ciceronem

135 2513 236 2570 fuisse
270 2522 406 2569 constat.
439 2541 481 2549 —
513 2512 707 2586 Plerumque
740 2520 848 2569 autem
881 2513 1069 2570 vocativum
1104 2520 1180 2585 post
1213 2527 1285 2584 pro·

135 2627 256 2669 nornen
285 2620 340 2669 aut
366 2613 513 2684 verbum,
547 2613 589 2670 ad
616 2613 705 2686 quod
732 2622 866 2687 spectet,
900 2613 977 2687 poni
1010 2620 1123 2669 notum
1157 2620 1218 2683 est3
1252 2619 1286 2668 ut

135 2713 267 2769 afferam
300 2710 390 2769 Verr.
412 2711 435 2770 Ι.
458 2714 506 2770 ol.
532 2712 590 2770 133
623 2715 669 2781 tri,
699 2707 824 2783 Verres,
852 2705 904 2768 lrir
926 2707 1013 2789 quod
1036 2706 1186 2783 nloliare,
1220 2726 1286 2768 nori

135 2805 242 2882 labes,
266 2805 331 2869 alsi
354 2854 361 2868 .
385 2855 391 2868 .
416 2856 423 2871 .
451 2813 528 2871 ibid.
551 2812 586 2872 V.
610 2813 657 2872 64,
683 2814 740 2871 165
774 2808 832 2870 ior
854 2814 900 2885 tri,
932 2807 1057 2883 Verres,
1082 2807 1170 2869 idem
1192 2806 1285 2877 elicis,

135 2927 194 2984 pro
218 2911 323 2987 Liger.
346 2911 372 2969 3.
395 2911 415 2968 8
445 2902 534 2983 Vide,
557 2928 688 2988 quaeso,
716 2907 854 2986 Tubero,
878 2915 914 2970 ai
1014 2912 1091 2969 ibid.
1116 2913 1142 2969 9.
1166 2907 1286 2969 261111

135 3007 218 3083 virle,
253 3025 384 3087 quaeso,
413 3002 547 3085 Caesar,
580 3008 803 3072 constantiam
826 3056 833 3070 .
857 3057 864 3070 .
889 3056 895 3069 .
924 3012 990 3072 Sed
1016 3013 1113 3086 paulo
1141 3022 1217 3070 ante
1243 3013 1286 3069 le·

137 3121 258 3187 guntur
280 3112 362 3170 haec
385 3109 466 3182 (23lz
498 3107 587 3186 l'ide,
621 3108 702 3189 qaid
734 3108 897 3186 licentiae,
934 3104 1069 3184 Caesar,
1103 3106 1196 3169 nobis
1228 3113 1287 3170 lna

134 3205 322 3269 liberalitas
354 3207 409 3269 det
441 3206 492 3269 cel
521 3207 636 3290 potius
669 3208 843 3272 audaciae.
893 3213 1005 3286 Neque
1040 3229 1114 3270 raro
1149 3214 1190 3270 ab
1223 3213 1286 3270 illis

135 3311 257 3383 formis,
295 3312 412 3385 quibus
448 3314 549 3370 altera
585 3315 678 3373 verbi
715 3330 857 3388 persona
894 3313 1103 3390 significatur,
1140 3314 1285 3370 vocativi

135 3412 253 3469 remoti
277 3412 488 3483 collocantur,
512 3415 596 3471 sicut
618 3414 709 3472 Verr.
724 3414 760 3472 V.
780 3416 828 3473 64.
847 3415 905 3472 166
927 3407 963 3471 si
985 3415 1021 3469 let
1043 3409 1136 3490 apreli
1161 3408 1284 3471 Persas

133 3513 195 3569 aut
227 3506 264 3568 ire
296 3513 448 3570 ealrema
476 3507 580 3572 India
612 3510 806 3592 depressus,
845 3510 970 3583 Verres,
1005 3508 1050 3570 ad
1083 3507 1286 3590 suppliciam

136 3605 295 3671 ricomere
318 3654 325 3669 .
347 3655 382 3670 ..
410 3613 486 3671 ibid.
513 3613 535 3671 1.
563 3614 610 3672 20.
639 3615 679 3673 53
711 3609 770 3672 ltoe
803 3610 884 3686 alico,
918 3607 1050 3671 arellam
1082 3615 1112 3670 te
1136 3606 1286 3689 Aspendi

135 3705 277 3787 1191111111,
302 3707 428 3781 Verres,
451 3708 626 3789 reliquisse
650 3758 655 3771 .
681 3759 686 3771 .
713 3760 718 3771 .

236 3829 342 3886 Etiam
364 3831 397 3886 in
422 3832 579 3888 enuntiati
600 3831 671 3904 ipso
688 3832 789 3901 initio,
813 3833 961 3904 quamvis
977 3847 1044 3887 non
1060 3847 1166 3904 saepe,
1189 3845 1285 3886 voca·

136 3928 221 3985 tirus
256 3930 396 4002 ponitur,
428 3931 484 3989 ubi
517 3939 633 3988 auctor
665 3948 738 3989 curn
772 3932 933 4006 gravitate
967 3931 1105 4004 quadarn
1144 3930 1287 4001 loquitur

136 4035 232 4100 atque
263 4044 336 4085 cum
360 4032 536 4088 verborum
560 4031 811 4103 magnificentia,
844 4032 933 4088 velut
965 4029 1055 4088 Verr.
1078 4029 1132 4086 Ill.
1154 4029 1202 4086 68.
1227 4027 1285 4084 159

137 4120 164 4181 O
195 4120 422 4201 Timarchide,
457 4124 582 4187 Metelli
615 4132 662 4186 est
693 4124 785 4208 filias
817 4124 853 4186 ia
881 4124 1061 4206 provincia
1093 4144 1159 4185 aori
1186 4141 1285 4203 puer,

136 4222 194 4282 aed
222 4221 418 4284 adceleseeas
451 4225 554 4287 beares
587 4245 626 4286 ac
650 4225 782 4304 perdens
805 4272 811 4285 .
837 4274 843 4287 .
868 4274 874 4288 .
910 4229 1043 4301 Philipp.
1078 4228 1131 4284 ΙΙΙ.
1167 4228 1212 4282 11.
1245 4226 1283 4282 27
