3102 4934
654 370 861 427 ...25—

179 546 272 624 οὖτος
297 543 471 635 ἀπεγράφη
492 546 558 611 κτλ.
593 561 626 612 ei
654 554 770 612 eadem
794 553 943 611 oratione
968 549 1033 622 (19)
1067 554 1221 628 leguntur
1252 553 1335 611 haec

180 656 295 714 verba:
319 651 551 731 Εῑσπέμττουσι
566 644 628 731 γὰρ
642 649 687 723 εἷς
700 643 759 730 τὴν
773 645 892 729 βοοληυ
905 642 965 730 τὴν
986 643 1050 732 πρὸ
1074 643 1143 712 τῶν
1164 642 1336 732 τριάκοντα

180 746 400 829 βουλεύουσαν
416 746 591 832 Θεόκριτον
613 745 674 813 τὸν
694 745 751 811 τοῦ
769 743 1021 833 Ἐλαφοστίκτου
1035 744 1242 829 καλούμενον.
1265 742 1282 811 ὁ
1300 746 1335 811 δὲ

180 847 351 936 Θεόκριτος
371 846 464 925 οὗτος
485 847 610 933 ἑταῖρος
631 846 670 931 ἦν
692 845 737 934 τῷ
751 842 910 930 Ἀγοράτῳ
932 850 985 910 καὶ
1007 844 1195 929 ἐπιτήδειος.

278 973 451 1049 Apuleium
485 980 518 1030 et
553 973 715 1046 quosdam
747 971 829 1030 alios
862 971 1040 1045 scriptores
1072 970 1238 1028 Romanos
1271 971 1333 1028 hac

181 1073 338 1131 orationis
361 1073 625 1131 conformatione
646 1087 725 1130 usos
749 1087 822 1129 esse
836 1070 1001 1130 Vahlenus
1024 1071 1133 1129 Herm.
1156 1070 1204 1128 33.
1225 1088 1255 1145 p.
1272 1070 1334 1128 258

180 1190 249 1246 sqq.
272 1173 469 1247 explanavit.
511 1173 608 1247 Apud
630 1172 801 1230 Horatium
824 1172 888 1230 tale
911 1172 1099 1246 exemplum
1121 1178 1171 1228 est
1194 1178 1251 1230 sai.
1266 1170 1289 1227 I.
1306 1171 1333 1228 7.

179 1273 281 1331 Poeta
314 1273 407 1343 enim,
435 1276 616 1348 ‘postquam
642 1289 742 1331 versu
763 1273 866 1330 altero
891 1273 975 1330 dixit
997 1318 1002 1330 .
1026 1319 1031 1330 .
1055 1317 1061 1329 .
1083 1287 1147 1348 quo
1164 1273 1268 1348 pacto
1290 1265 1334 1329 sit

179 1366 318 1430 Persius
340 1366 432 1430 uitus
455 1416 462 1430 .
488 1416 494 1429 .
519 1417 525 1429 .
550 1373 659 1448 pergit
681 1388 781 1431 versu
802 1375 835 1430 4:

329 1506 459 1566 Persius
481 1508 534 1565 hic
557 1524 737 1584 permagna
758 1508 894 1584 negotiis
916 1507 1009 1565 dives
1031 1507 1174 1565 habebat

329 1605 542 1666 Clazomenis.

178 1740 362 1818 Permagns
385 1748 435 1799 esi
457 1749 565 1799 autem
589 1742 815 1817 exemplorum
838 1742 941 1816 copia,
975 1741 1092 1814 quibus
1116 1739 1266 1799 Ciceroni
1288 1741 1334 1798 ita

177 1841 268 1914 loqui
289 1841 452 1916 placuisse
476 1841 554 1900 satis
576 1824 749 1916 perspicue
773 1841 1023 1900 demonstratur.
1053 1840 1157 1898 Velut.
1173 1840 1263 1899 Verr.
1278 1840 1332 1899 III.

177 1940 227 1999 33.
250 1942 288 1998 77
312 1933 526 1999 Aeschrionis
549 1934 759 2019 Syracusani
781 1955 870 1999 uuor
893 1942 940 1999 est
962 1935 1061 2018 Pipa,
1095 1935 1190 1998 cuius
1212 1956 1333 1999 nomen

177 2035 275 2098 istius
298 2035 410 2117 nequit
411 2035 480 2099 iat
482 2041 538 2099 ota
482 2034 673 2099 otSicilia
688 2042 858 2120 peruayat
858 2057 916 2098 um
939 2042 1010 2099 est.
1027 2035 1148 2098 ..Hic
1163 2033 1333 2114 Aeschrio,

178 2135 284 2218 Pipae
307 2136 359 2198 cir
381 2136 563 2199 adumbrat
550 2142 633 2199 t.us
658 2141 796 2200 ..ibid
819 2141 873 2200 IIl.
896 2141 945 2200 38.
968 2141 1068 2199 86..
1092 2135 1219 2199 ‚tertio
1243 2156 1333 2199 anno

177 2242 242 2299 XII
273 2236 360 2299 mod.
395 2235 499 2299 tritici
532 2235 620 2299 lucri
642 2235 807 2319 Dioyneto
836 2235 975 2299 Venerio
1005 2236 1088 2298 dare
1114 2235 1219 2299 eoacti
1245 2242 1332 2300 suut.

179 2335 243 2399 Hic
258 2335 446 2420 Dioynetus
462 2384 468 2398 .
486 2385 517 2399 ..
542 2343 584 2400 de
607 2341 705 2400 divin.
725 2341 763 2400 H.
779 2341 827 2400 23.
848 2341 889 2399 60
917 2336 1023 2420 Tayes
1045 2336 1185 2418 puidam
1207 2336 1333 2400 dicitur

177 2437 214 2499 in
240 2457 322 2519 ayro
350 2435 617 2518 Tarquiniensi.
643 2486 649 2498 .
674 2486 680 2499 .
710 2436 858 2500 eatitisse
885 2444 1019 2519 reperio
1042 2443 1072 2499 et
1095 2457 1168 2499 eum
1191 2437 1332 2518 adfatus

178 2557 254 2614 esse,
277 2536 334 2618 qui
356 2537 495 2615 arabat,·
517 2536 546 2599 is
569 2543 681 2601 autem
709 2534 816 2620 Taycs
839 2587 844 2599 .
871 2585 877 2598 .
902 2586 908 2598 .

278 2656 401 2732 Quibus
438 2660 520 2718 locis
558 2661 591 2718 in
630 2659 703 2734 ipso
742 2661 924 2718 sententiae
964 2660 1056 2718 initio
1098 2674 1221 2717 nomen
1259 2674 1333 2716 cum

176 2760 371 2834 pronomine
405 2761 579 2834 repetitmn
614 2768 675 2833 est3
713 2775 820 2833 neque
854 2760 957 2818 rarius
991 2761 1053 2817 alia
1079 2760 1112 2816 in
1139 2766 1231 2834 parte
1259 2775 1331 2816 sen-

176 2859 298 2918 tentiae
320 2874 441 2918 nomen
465 2876 539 2918 cum
560 2860 756 2934 pronomine
779 2860 930 2918 iteratum
953 2860 1149 2918 collocatum
1171 2867 1228 2929 est,
1249 2860 1334 2917 sieut

177 2960 220 3017 de
241 2961 315 3036 lege
338 2976 405 3036 agr.
428 2959 466 3017 Π.
489 2960 517 3017 8.
538 2960 588 3019 21.
622 2953 789 3018 Sortietur
811 2954 918 3017 tribus
939 2954 1029 3018 idem
1051 2953 1183 3017 liutius.
1222 2953 1331 3016 Homo

173 3053 263 3137 felia
286 3055 409 3133 educet,
443 3074 527 3136 quas
560 3053 645 3116 uolet
667 3053 781 3117 tribus.
828 3050 917 3126 Quas
939 3075 1055 3117 nouem
1077 3054 1184 3117 tribas
1206 3055 1331 3117 decem-

177 3154 267 3217 uiros
295 3153 440 3236 fecerint
472 3155 513 3218 ab
546 3155 659 3217 eodem
681 3153 784 3217 Ruiio
813 3155 959 3233 eductae,
992 3153 1051 3218 hos
1074 3205 1080 3217 .
1105 3204 1110 3216 .
1137 3204 1142 3216 .
1178 3153 1331 3218 dominos

176 3254 375 3317 habebimus.
420 3259 510 3318 Verr
545 3259 584 3318 Π.
620 3259 765 3317 43101
803 3254 881 3317 Non
917 3274 1051 3336 quaero,
1089 3254 1163 3336 quis
1199 3254 1251 3318 hic
1286 3255 1331 3318 sit

179 3350 406 3418 Claudius.
432 3350 583 3433 .Qutu,
616 3353 646 3417 31
679 3353 827 3417 amiciam
854 3353 1049 3417 mortalium
1077 3375 1171 3418 nenia
1195 3353 1330 3418 Sthenio

176 3453 344 3516 inimicior
366 3475 467 3535 priam
490 3450 600 3518 hicO.
627 3450 859 3518 Claudius..
885 3454 1053 3536 .fuit..
1078 3462 1197 3519 ibid
1220 3459 1329 3518 1153

178 3558 330 3617 133...
365 3554 565 3618 discribebat
602 3574 753 3618 censores
789 3554 883 3617 binos
918 3555 955 3617 iu
991 3556 1144 3638 sinyuias
1181 3555 1330 3619 ciuitates

181 3653 412 3717 Timarchides
435 3705 441 3716 .
464 3701 471 3716 .
495 3703 501 3716 .
531 3653 613 3718 Jam
635 3653 689 3718 hic
716 3653 948 3718 Timarchides
970 3662 1131 3737 quaestam
1147 3656 1330 3739 pecaniam

171 3753 293 3837 fecerit
316 3803 322 3816 .
347 3803 353 3816 .
379 3803 385 3816 .
409 3759 486 3817 ibid.
508 3759 546 3817 H.
572 3761 618 3818 13.
641 3760 681 3818 46
704 3802 759 3816 ...
784 3755 843 3817 sed
866 3755 1015 3818 omnium
1037 3757 1198 3819 bonorum
1215 3762 1331 3837 pater-

177 3874 297 3916 norum
333 3853 442 3937 ipsias
478 3853 645 3932 Heraclii,
689 3874 774 3936 picae
811 3875 878 3917 non
921 3855 1032 3918 minor
1069 3862 1142 3919 erat
1175 3855 1331 3937 pecunia,

169 3953 367 4036 palaestrae
390 3952 696 4036 Syracusanorum,
729 3953 788 4016 hoc
822 3961 869 4017 est
896 3954 1133 4037 Syracusanis,
1161 3955 1329 4037 possessio

174 4053 327 4117 traditur
349 4101 355 4115 .
380 4102 386 4115 .
412 4102 418 4115 .
443 4074 527 4135 quae
550 4055 635 4117 bona
656 4054 695 4130 is,
729 4055 786 4136 qui
819 4062 1053 4118 testamentum
1082 4056 1220 4137 fecerat,
1253 4053 1330 4118 huic

177 4151 336 4216 Heraclio
361 4200 367 4213 .
391 4200 397 4214 .
422 4201 428 4214 .
452 4153 653 4228 tradiderat,
677 4159 753 4217 ibid.
776 4159 814 4218 II.
837 4160 885 4220 46.
911 4160 969 4218 113
992 4154 1096 4218 Estne
1118 4155 1192 4218 hic.
1218 4203 1223 4216 .
1249 4202 1254 4214 .
1279 4154 1328 4219 ita

175 4275 198 4318 a
215 4249 272 4316 Cn.
291 4252 449 4334 Pompeio
472 4253 643 4317 absolutus
666 4261 722 4332 est,
746 4263 782 4319 ut
804 4256 841 4318 in
864 4278 899 4319 eo
921 4255 993 4337 ipso
1009 4255 1133 4319 iudicio
1148 4254 1329 4335 Pompeius
