3102 4934
722 722 937 832 VITA.

351 1104 452 1161 Natus
469 1120 540 1161 sum
556 1100 744 1161 Gerhardus
760 1099 923 1159 Schrader
937 1103 970 1158 in
985 1102 1059 1159 vico
1078 1101 1280 1159 Mandelsloh
1297 1119 1404 1176 prope

253 1205 486 1262 Hanuoveram
502 1202 564 1261 sito
581 1202 633 1260 die
649 1202 708 1260 Vll
724 1202 846 1259 mensis
863 1200 1015 1259 Octobris
1031 1218 1057 1259 a.
1069 1199 1295 1259 MDCCCLXV
1310 1210 1406 1276 patre

250 1304 419 1362 Friderico
443 1310 547 1361 matre
562 1303 663 1359 Maria
686 1318 703 1358 e
728 1310 825 1377 gente
848 1301 957 1372 Duwe,
981 1317 1078 1373 quam
1094 1308 1199 1359 morte
1215 1302 1293 1359 mihi
1309 1317 1403 1376 erep-

251 1411 318 1462 tam
340 1419 413 1460 esse
437 1419 638 1479 magnopere
655 1402 761 1460 doleo.
797 1400 890 1459 Fidei
914 1401 1063 1459 addictus
1087 1418 1157 1459 sum
1181 1403 1404 1478 evangelicae.

251 1504 366 1561 Primis
388 1503 568 1561 litterarum
591 1502 761 1559 elementis
783 1502 817 1559 in
840 1500 916 1558 ludo
944 1501 1086 1559 imbutus
1110 1518 1128 1558 a
1151 1502 1247 1559 tertio
1271 1502 1403 1560 decimo

252 1604 367 1662 aetatis
383 1617 468 1661 anno
489 1618 592 1674 usque
615 1602 658 1658 ad
680 1601 987 1659 duodevicesimam·
1006 1617 1125 1658 annum
1149 1601 1295 1659 scholam
1318 1603 1405 1659 eius-

252 1703 327 1762 dem
349 1704 412 1760 vici
436 1702 649 1775 frequentavi,
673 1717 770 1774 quam
785 1701 922 1771 Busche,
944 1701 1101 1776 magister
1123 1718 1215 1759 meus
1230 1701 1404 1759 dilectissi-

251 1820 324 1861 mus
357 1803 554 1871 moderatur,
588 1798 717 1874 quaque
747 1801 780 1859 in
810 1801 923 1858 schola
949 1802 996 1858 eis
1019 1801 1134 1858 litteris
1158 1802 1275 1875 quibus
1298 1803 1330 1858 in
1355 1803 1403 1858 in-

252 1903 426 1961 ferioribus
449 1901 630 1973 mediisque
654 1901 819 1978 gymnasii
842 1900 1002 1958 classibus
1025 1901 1176 1975 discipuli
1202 1900 1404 1959 erudiuhtur.

252 2003 440 2075 Eademque
474 2003 508 2059 in
535 2002 649 2059 schola
672 2008 845 2075 postquam
869 2001 993 2074 etipse
1017 2017 1075 2073 per
1098 2001 1274 2058 duodecim
1298 2017 1404 2058 annos

253 2104 359 2168 docui,
392 2120 452 2177 per
484 2103 560 2159 anni
593 2103 733 2176 spatium
760 2101 926 2159 Hildesiae
961 2102 1169 2176 gymnasium
1192 2102 1406 2159 Andreanum

254 2205 343 2276 quod
374 2210 514 2261 vocatur
546 2203 619 2259 adii.
663 2201 855 2259 Maturitatis
883 2201 1106 2258 testimonium
1133 2217 1213 2258 vere
1236 2218 1262 2258 a.
1284 2199 1405 2259 XCVII

252 2315 422 2362 assecutus
451 2304 576 2360 civibus
603 2302 800 2360 academicis
827 2302 1006 2359 litterarum
1033 2301 1255 2360 universitatis
1278 2302 1402 2359 Beroli·

250 2405 362 2462 nensis
385 2403 569 2476 adscriptus
593 2419 673 2459 sum.
719 2401 781 2459 Per
803 2401 914 2459 decies
938 2417 998 2459 sex
1020 2417 1150 2458 menses
1168 2402 1282 2459 studiis
1300 2402 1403 2475 philo-

253 2505 379 2579 logieis,
401 2502 644 2578 philosophicis,
668 2502 831 2560 historicis
855 2517 988 2575 operam
1013 2501 1097 2559 dedi.
1138 2501 1327 2559 Docuerunt
1350 2518 1405 2560 me

249 2606 311 2662 viri
335 2603 531 2661 doctissimi:
563 2603 661 2674 Diels,
685 2602 848 2673 Harnack,
871 2602 996 2673 Hintze,
1019 2601 1214 2672 Hirschfeld,
1238 2601 1404 2673 Huebner,

250 2704 377 2761 Kekule
390 2722 419 2760 v.
434 2701 628 2774 Stradonitz,
644 2702 825 2773 Kirchhoff,
841 2702 1005 2773 Pariselle,
1020 2702 1167 2773 Paulson,
1179 2702 1230 2758 Er.
1247 2700 1404 2768 Schmidt,

247 2801 494 2877 Schultz-Gora,
518 2802 652 2877 Stumpf,
676 2801 808 2874 Vahlen,
832 2803 860 2859 d.
883 2801 1348 2860 Wilamowitz-Moellendorff.

350 2904 525 2961 Praeterea
540 2921 599 2978 per
621 2904 670 2960 bis
694 2920 754 2961 sex
777 2918 907 2960 menses
931 2902 1222 2959 exercitationibus
1242 2904 1402 2976 prosemi-

250 3005 334 3063 narii
349 3003 547 3079 philologici,
564 3005 616 3060 cui
631 3003 771 3061 Dielsius
788 3010 820 3060 et
835 3002 1101 3060 Wilamowitzius
1124 3010 1286 3075 praesunt,
1302 3003 1401 3060 inter·

250 3105 310 3177 fui,
328 3119 387 3177 per
403 3104 573 3176 quinquies
590 3120 650 3161 sex
666 3119 796 3161 menses
817 3102 983 3160 seminarii
997 3103 1080 3177 regii
1096 3102 1295 3177 philologici,
1311 3104 1403 3174 quod

250 3204 471 3261 Kirchhoffius
495 3211 528 3261 et
549 3203 714 3261 Vahlcnus
737 3202 956 3273 moderantur,
990 3201 1112 3259 sodalis
1144 3202 1191 3259 fui
1217 3201 1401 3260 ordinarius

250 3305 402 3376 idemque
426 3304 536 3361 senior
558 3305 690 3377 perbis
713 3320 774 3360 sex
795 3319 936 3359 menses,

350 3402 434 3461 Viris
458 3404 666 3474 doctissimis,
690 3404 744 3475 qui
765 3420 817 3460 me
846 3403 1037 3472 docuerunt,
1064 3402 1185 3478 gratias
1209 3417 1272 3477 ago
1297 3403 1400 3459 omni·

250 3506 320 3576 buS,
343 3503 592 3562 candidissimas
616 3510 725 3560 autem
748 3519 822 3559 cum
837 3501 1040 3559 Kirchhoffio
1064 3511 1131 3559 tum
1153 3500 1309 3573 Vahleno,
1334 3503 1400 3574 qui·

249 3606 310 3662 bus
334 3604 412 3677 quid
436 3605 575 3661 debeam
598 3619 775 3676 numquam
799 3603 982 3660 obliviscar.
