3102 4934
616 341 799 396 ..5-

131 543 206 586 cum
228 518 267 602 ἦν
290 525 473 595 coniuncta,
495 531 654 601 augeatur
676 525 858 584 sententiae
876 526 1098 601 perspicuitas.
1134 527 1281 601 Denique

131 626 313 703 sepeliendi
335 626 473 683 verbum
496 624 585 697 quod
606 623 772 683 Nauckius
796 625 969 697 desiderat,
992 644 1010 685 e
1031 643 1131 686 versu
1152 635 1280 686 anteco·

132 728 230 786 dente
263 726 359 784 facile
394 724 593 783 subauditur.
636 721 707 797 Qua
739 740 775 783 re
808 741 923 783 versus
956 726 1044 784 haud
1075 727 1173 786 dubie
1207 744 1281 787 cum

72 882 77 889 .
129 827 278 886 Vahleno
300 827 346 884 ita
368 832 418 884 est
440 824 646 883 scribendus:

281 934 342 1003 τόν
363 933 442 1017 γοῦν
463 930 557 1017 ἐμόν,
578 938 632 998 καὶ
653 931 714 999 τόν
735 931 797 1001 σὸν
819 932 858 1018 ἢν
878 933 918 1000 σὺ
938 932 981 1020 μὴ
1002 936 1112 1028 θέλῃς,

129 1064 202 1121 111.
224 1052 285 1121 τὸν
304 1051 384 1135 γοῦν
406 1048 499 1134 ἐμόν,
520 1055 574 1116 καὶ
595 1049 654 1117 ἐὰν
675 1050 715 1117 σύ
736 1049 796 1117 τόν
817 1049 880 1118 σόν
899 1051 942 1135 μὴ
962 1053 1062 1144 θέλῃς
1081 1058 1157 1137 (ego
1173 1078 1282 1120 meum

130 1169 229 1235 certe,
263 1162 390 1220 etiamsi
412 1167 448 1217 tu
469 1166 560 1217 tuum
580 1155 697 1231 noles),
730 1176 815 1233 quae
848 1160 981 1234 quidem
1014 1162 1175 1220 sententia
1207 1178 1282 1220 cum

129 1263 229 1321 totius
245 1262 310 1320 loci
326 1268 484 1321 contextu
499 1261 655 1320 convenit
672 1276 780 1334 neque
799 1261 977 1319 verborum
992 1263 1282 1322 commutationem

129 1363 245 1437 poscit.
294 1362 474 1436 Insequens
501 1369 609 1421 autem
635 1376 760 1430 versus,
793 1361 848 1434 qni
879 1361 1095 1420 antecedente
1127 1363 1281 1439 neglecto

132 1470 238 1520 utrum
257 1462 448 1521 retinendus
468 1479 509 1520 an
525 1460 710 1520 reiciendus
727 1468 814 1519 esset
829 1460 1047 1519 demonstrari
1061 1477 1129 1520 non
1143 1470 1281 1537 poterat,

130 1564 320 1620 criticorum
342 1563 564 1638 suspicionem
590 1561 674 1619 adeo
697 1562 808 1633 movit,
834 1568 870 1619 nt
891 1577 911 1619 a
933 1562 1154 1638 compluribus
1177 1563 1280 1621 seclu-

130 1663 271 1721 deretur.
315 1660 413 1735 Quod
434 1669 470 1720 ut
491 1663 646 1733 facerent,
669 1661 810 1719 fortasse
826 1661 878 1718 alii
893 1661 983 1720 nulla
1001 1678 1036 1720 re
1051 1662 1184 1720 adducti
1206 1669 1281 1721 sunt

129 1764 193 1821 nisi
209 1770 358 1821 veterum
373 1763 561 1821 criticorum
576 1762 782 1834 auctoritate3
805 1761 975 1819 adnotavit
990 1762 1077 1820 enim
1092 1763 1280 1820 scholiasta:

128 1854 275 1939 Δίδνμός
295 1875 393 1944 φησιν
425 1852 490 1920 ὑπό
526 1858 594 1919 τῶν
625 1851 925 1938 ὑπομνηματιστῶν
956 1851 1017 1919 τόν
1048 1859 1161 1936 στίχον
1187 1878 1281 1920 νενο-

130 1953 295 2037 θεῖισθαις
316 1963 370 2020 alii
393 1964 489 2020 etiam
512 1977 571 2020 suo
596 1977 695 2020 sensu
715 1961 804 2019 ducti
818 1977 838 2018 a
853 1959 1015 2037 Sophocle
1036 1978 1170 2021 versum
1191 1963 1279 2021 ahiu-

129 2064 307 2122 dicandum
340 2079 413 2121 esse
447 2069 591 2121 censent.
634 2061 800 2120 Nauckius
824 2061 956 2135 quidem
979 2061 1064 2121 hano
1086 2064 1281 2121 sententiam

129 2166 175 2222 ita
198 2164 414 2238 comprobare
448 2162 569 2220 studet:
612 2161 680 2220 Der
701 2160 783 2219 Vere
809 2162 947 2220 verletzt
969 2162 1021 2220 die
1043 2160 1281 2236 Stichomythie

127 2264 197 2321 und
229 2264 272 2321 ist
304 2269 449 2321 1111111111
481 2269 569 2320 matt.
613 2258 699 2333 Quid
731 2268 840 2320 tamen
867 2262 908 2320 de
934 2262 1024 2321 laesa
1049 2263 1282 2337 stichomythia

128 2381 213 2438 quae
235 2372 374 2423 vocatur
394 2363 604 2421 iudicandum
625 2363 674 2433 sit,
697 2363 846 2435 quamvis
862 2369 1014 2421 accurate
1030 2379 1069 2420 ea
1083 2380 1102 2420 a
1117 2361 1280 2438 Sophocle

128 2466 320 2540 plerumque
358 2464 399 2523 sit
436 2464 619 2534 observata,
657 2479 700 2520 ex
733 2462 781 2519 Ai.
805 2462 854 2520 95.
889 2463 956 2520 102.
991 2463 1058 2521 106.
1102 2461 1180 2521 Oed.
1215 2461 1280 2522 Col.

128 2565 189 2622 385
213 2582 282 2638 sqq.
316 2563 376 2622 1184
399 2563 602 2639 perspicitur.
645 2562 760 2635 Neque
793 2563 865 2638 plus
892 2563 1030 2621 alterum
1052 2573 1281 2640 argumentum

126 2665 222 2723 valet.
267 2662 351 2737 Quin
384 2664 481 2722 etiam
514 2663 680 2722 Nauckius
719 2663 790 2739 ipsc
824 2670 950 2738 partem
986 2664 1129 2738 suspecti
1165 2679 1280 2721 versus

127 2765 349 2823 necessariam
377 2780 449 2822 csse
477 2763 607 2821 1111111111
639 2769 762 2838 putare,
796 2779 871 2821 cum
903 2779 1035 2821 versum
1061 2780 1081 2821 a
1103 2781 1138 2821 se
1161 2779 1280 2839 propo·

129 2867 240 2924 situm:

279 2957 376 3038 ἔγωγε
396 2955 458 3021 τόν
479 2955 569 3040 ἐμόν,
591 2956 651 3022 τὸν
672 2953 735 3022 σόν
757 2955 794 3033 ἢν
816 2953 855 3022 σύ
876 2954 920 3038 μὴ
942 2956 1040 3047 θέλῃς

127 3083 173 3139 ita
195 3088 314 3140 vertat:
346 3080 471 3157 „thlst
494 3081 537 3139 du
558 3081 648 3140 nicht
669 3081 796 3152 deinen‚
819 3095 856 3138 111
879 3080 944 3137 will
965 3081 1019 3138 ich
1041 3080 1128 3138 doch
1150 3081 1279 3137 meineri

126 3182 254 3240 Brudcr
275 3172 466 3240 bestatten.“
511 3180 576 3240 Sed
598 3197 672 3239 cum
695 3181 728 3238 hi
749 3196 865 3238 versus
887 3179 1097 3238 antecedant:

278 3305 318 3362 43
341 3304 449 3381 Antig.
481 3300 512 3361 ai
531 3295 593 3363 τόν
614 3293 728 3382 νεκρόν
752 3294 810 3374 ξὺν
831 3294 904 3387 τῇδε
924 3308 1068 3383 κουφιεῖς
1087 3303 1164 3383 χερί.

278 3408 318 3462 44
339 3404 413 3463 11111.
479 3395 497 3482 ἦ
518 3395 580 3485 γὰρ
601 3409 686 3474 νοεῖς
707 3394 853 3462 θάπτειν
874 3394 942 3483 σφ’,
965 3393 1151 3485 ἀπόρρητον
1172 3395 1281 3478 πόλεις

125 3529 286 3587 11111146
308 3537 436 3588 remoto
459 3530 539 3588 nihil
560 3531 624 3588 nisi
645 3521 707 3587 τόν
729 3520 808 3602 γοῦν
829 3519 910 3605 ἐμόν
932 3518 1045 3608 νεκρόν
1067 3545 1111 3587 sc.
1134 3519 1280 3587 θάπτειν

128 3622 195 3687 voti
222 3637 352 3704 oportet
378 3631 597 3707 intellegatur3
632 3646 729 3703 quam
762 3638 872 3688 tamen
905 3630 1062 3688 orationis
1095 3630 1235 3687 formam
1260 3646 1280 3687 a

125 3731 248 3806 pietate
271 3746 350 3807 erga
371 3730 505 3788 fratrem
527 3730 627 3805 longe
646 3730 824 3788 abhorrere
839 3729 987 3789 Nauckio
1003 3730 1065 3806 ipsi
1086 3746 1280 3804 persuasum

126 3846 201 3888 esse
225 3847 269 3888 ex
292 3831 361 3889 eius
382 3831 494 3888 verbis
520 3830 600 3889 mihi
626 3828 758 3887 videtur
789 3845 956 3904 apparere.
999 3829 1148 3903 Denique
1180 3846 1279 3887 voca·

125 3930 239 3988 bulum
262 3919 280 3986 ὁ
306 3922 426 4007 νεκρός,
459 3931 578 4006 quippe
614 3928 703 4002 quod
724 3930 758 3987 in
783 3946 883 3987 versu
905 3930 946 3988 43
967 3931 1112 4005 positum
1134 3930 1183 4001 sit,
1216 3930 1280 3988 hoc

126 4046 259 4104 quoque
282 4030 357 4088 loco
385 4029 427 4100 (v.
447 4027 500 4099 46)
522 4028 779 4106 intellegendum
803 4046 875 4088 esse
897 4031 1031 4088 minime
1054 4031 1140 4088 obici
1162 4036 1279 4104 potest.

124 4130 209 4188 Nam
235 4146 335 4189 versu
356 4130 397 4188 43
425 4132 465 4188 de
493 4131 597 4188 verbo
621 4129 802 4204 sepeliendi
824 4130 950 4201 dicitur,
983 4146 1082 4188 versu
1107 4137 1216 4188 autem
1238 4130 1278 4188 46

124 4230 243 4304 agitur,
278 4230 350 4303 quis
384 4231 425 4288 sit
451 4230 667 4304 sepeliendus.
709 4228 829 4302 Restat,
862 4237 897 4288 ut
919 4230 1043 4303 reliqua
1064 4245 1180 4287 versus
1202 4245 1277 4303 pars
