3102 4934
598 362 798 417 „31-

116 548 315 606 Arohedemi
339 562 460 605 nomen
483 547 601 605 eodem
624 548 724 605 modo
748 547 921 622 repetitum
945 554 1002 604 est.
1035 545 1110 604 lust.
1130 545 1202 619 Cyr.
1219 546 1272 604 ΙΙΙ.

118 649 147 720 3,
165 649 183 706 2
199 659 231 706 et
246 648 265 705 3
282 693 287 705 .
304 693 332 706 ..
354 649 407 704 καὶ
429 639 466 706 τὸ
484 646 614 723 χρυσίον
635 639 777 722 ἐκόμιζεν
796 637 886 725 (sed
909 638 988 724 γυνὴ
1011 643 1067 704 τοῦ
1086 637 1274 726 Ἀρμενίου),

118 741 140 807 ὃ
164 740 324 824 πρότερον
345 738 401 805 oia
421 739 522 825 ἤθελε
542 740 655 822 λαβεῖν
677 744 786 828 Κῦρος.
828 744 881 805 καὶ
904 736 922 806 ὁ
948 741 1048 824 Κῦρος
1070 737 1151 805 iride
1172 744 1273 806 sinna

119 848 272 907 Conferri
304 863 434 922 quoque
457 857 595 924 possunt
628 864 711 922 quae
734 856 809 907 sunt
830 849 906 906 ibid,
929 847 967 905 H.
989 850 1016 905 4.
1041 848 1066 905 7.
1101 846 1276 923 Complura

119 951 192 1007 eius
227 949 317 1007 modi
352 949 509 1022 exempla¹
541 949 574 1005 in
607 965 716 1024 progr.
739 949 843 1006 Berol.
879 943 1010 1018 1900λο1
1037 954 1069 1005 et
1098 948 1185 1020 1901,
1219 948 1275 1005 ubi

118 1049 287 1107 Vahlenus
303 1049 389 1107 huno
405 1048 572 1106 nominum
589 1065 683 1107 usum
702 1049 900 1125 perstringit,
924 1049 1108 1123 composita
1124 1055 1210 1106 sunt.

104 1240 107 1245 ,
224 1175 385 1249 Persaepe
408 1173 480 1231 talis
503 1174 670 1231 nominum
693 1174 822 1232 iteratio
846 1174 988 1231 ooemrit
1014 1180 1129 1249 poetas
1163 1175 1273 1248 legen·

121 1277 219 1345 tibus,
242 1275 333 1346 siout,
355 1281 390 1331 ut
413 1275 588 1332 nonnullos
612 1274 744 1331 afferam
767 1289 890 1345 versuo,
913 1274 1070 1348 sorIptum
1093 1281 1142 1330 est
1163 1273 1196 1330 Il.
1220 1271 1273 1330 III.

121 1378 185 1433 449
210 1391 292 1448 squ:

270 1508 424 1596 Ἀτρεΐδης
444 1511 474 1574 δ’
496 1488 687 1596 ἀν”ὅμιλον
706 1512 821 1599 ἐφοίτα
845 1513 920 1597 θηρὶ
942 1507 1061 1592 ἐοικώς,

271 1610 305 1677 ἐἴ
325 1636 390 1677 που
411 1608 620 1698 ἐσαθρήσειεν
637 1609 854 1697 Ἀλέξανδρον
876 1611 1038 1676 θεοειδέα·

275 1709 346 1776 ἀλλ’
368 1711 405 1778 οὔ
428 1738 474 1788 τις
499 1710 617 1778 δύνατο
641 1710 761 1800 Τρώων
782 1712 918 1778 κλειτῶν
939 1708 965 1775 τ’
989 1708 1168 1796 ἐπικούρων

275 1813 377 1888 δεῖξαι
396 1809 604 1898 Ἀλέξανδρον
625 1811 691 1879 τότ’
717 1811 874 1899 ἀρηιφίλῳ
897 1810 1064 1898 Μενελάῳ.

122 1982 156 2031 et
179 1970 238 2031 Ov.
263 1981 336 2029 met.
359 1970 394 2029 V.
419 1972 479 2029 238

278 2106 479 2182 Aggreditur
500 2105 667 2164 Proetum:
690 2122 765 2163 narn
788 2105 888 2163 fratre
910 2122 969 2180 per
991 2121 1081 2163 arma
1102 2105 1215 2181 fugato

277 2205 487 2264 Acrisioneas
510 2206 647 2264 Proetus
669 2208 863 2281 possederat
886 2222 986 2264 arses
1126 2208 1129 2215 ’

231 2355 299 2414 Νοο
314 2357 497 2415 mirandum
514 2365 571 2426 est,
587 2356 676 2430 quod
692 2357 808 2414 similia
823 2357 1033 2414 inveniuntur
1047 2357 1133 2432 apud
1149 2363 1280 2431 poetam

126 2459 300 2529 nominum,
323 2458 442 2532 quippe
466 2458 556 2516 sulus
578 2458 681 2515 oratio
706 2471 892 2515 sermonem
915 2457 1115 2515 eotidianmn
1130 2457 1280 2514 imitetur.

125 2559 260 2617 Plautus
284 2557 416 2631 quidem
439 2558 569 2632 seripsit
590 2557 654 2615 mil.
677 2558 757 2633 glor.
781 2558 855 2616 948:
950 2620 952 2623 ,
1030 2617 1034 2623 ,

126 2708 236 2782 Volup
253 2716 309 2780 est,
333 2707 421 2780 quod
437 2724 525 2783 agas,
548 2708 575 2764 si
590 2706 623 2763 id
639 2707 789 2782 procedit
810 2708 918 2781 lepide
935 2714 1031 2780 atque
1047 2724 1090 2764 ex
1106 2706 1280 2779 sententia3

127 2826 205 2866 narn
228 2824 291 2883 ego
315 2807 413 2865 hodIe
436 2809 479 2865 ad
501 2805 672 2865 Seleucum
694 2824 808 2883 regem
831 2808 904 2864 misi
927 2809 1104 2882 parasitum
1126 2822 1243 2875 meum,

127 2917 164 2967 ut
186 2909 339 2979 latrones,
362 2924 445 2981 quos
469 2907 622 2978 conduxi,
645 2908 720 2964 hino
743 2909 785 2965 ad
808 2906 979 2966 Seleuoum
1003 2909 1146 2964 dnooret.

230 3057 268 3116 In
291 3059 407 3133 quibus
429 3059 579 3117 versibus
603 3069 634 3117 et
657 3059 784 3136 graeois
808 3067 840 3117 et
862 3060 969 3117 latInis
993 3074 1185 3134 pronomen,
1214 3074 1281 3118 non

128 3175 253 3218 nornen
275 3159 380 3234 ipsum
403 3159 614 3217 desideratur.
638 3187 677 3196 -
700 3158 765 3218 Sed
788 3160 829 3217 ab
852 3158 967 3217 eadem
984 3159 1116 3217 dicendi
1133 3160 1281 3216 ubertate

130 3276 230 3335 saepe
253 3275 293 3316 ne
318 3259 347 3316 ei
370 3259 500 3331 quidem
524 3259 770 3330 abhorruerunt,
794 3260 848 3332 qui
865 3260 1014 3317 oratione
1032 3260 1138 3327 soluta
1161 3259 1281 3316 seribe-

130 3362 218 3418 bant.
261 3359 311 3417 Ex
335 3359 382 3417 eis
403 3359 493 3430 loeis,
528 3360 582 3432 qui
615 3360 702 3434 apud
726 3357 900 3417 Caesarem
923 3359 965 3416 ad
987 3359 1072 3417 hane
1095 3375 1165 3417 rem
1186 3360 1281 3434 perti-

129 3467 218 3530 nent,
253 3459 312 3517 hos
345 3459 461 3516 afferre
494 3460 601 3531 velim,
633 3460 706 3518 bell.
729 3458 808 3518 Gall,
831 3460 853 3517 Ι.
877 3459 916 3516 35
954 3454 1018 3518 His
1044 3453 1214 3537 responsis
1237 3453 1282 3517 ad

134 3552 313 3619 Caesarem
345 3553 463 3618 relatis
495 3554 618 3617 iterant
652 3555 697 3618 ad
730 3575 805 3616 eom
830 3551 955 3618 Caesar
987 3554 1113 3637 deputes
1136 3575 1210 3616 eom
1232 3552 1283 3615 lu‘s

131 3653 305 3718 sitandeins
327 3654 436 3717 mittit,
475 3660 557 3717 Nam
580 3661 770 3718 alterutrum
793 3658 940 3717 Caesaris
963 3676 1086 3718 nomen
1101 3660 1205 3717 omitti
1228 3665 1283 3715 aut

132 3776 191 3835 pro
209 3775 249 3817 eo
271 3775 454 3835 pronomen
470 3761 637 3833 quoddam
652 3761 730 3835 poni
751 3767 888 3833 poterat.
911 3758 1184 3817 insusurrant
1208 3752 1283 3834 Ipse

132 3856 178 3919 od
194 3854 377 3918 vastandos
392 3853 707 3937 depopulandosque
721 3855 805 3935 fines
820 3851 1024 3936 Arrebioript‘s
1038 3852 1284 3936 propiciandum·

133 3975 230 4037 poem
257 3954 480 4036 perterritum
505 3973 545 4016 no
574 3953 760 4037 sapientem
787 3974 861 4016 oum
883 3952 992 4035 redipt'
1007 3973 1107 4035 posse
1129 3952 1165 4015 t'n
1186 3970 1283 4013 soant

128 4059 329 4136 potestatem
372 4053 592 4136 desperasset,
630 4053 830 4135 prodientem
873 4071 954 4114 suae
998 4051 1175 4134 dipnitatt's
1216 4070 1283 4113 esse

134 4154 274 4216 ducebat
303 4153 386 4215 odeo
413 4154 497 4237 fines
526 4152 597 4214 eius
626 4159 759 4215 vastare
790 4152 923 4225 cipibus,
954 4151 1125 4231 aedificiis,
1153 4169 1283 4231 pecore,

134 4260 171 4316 td
190 4252 266 4316 odio
288 4271 427 4316 snorum
449 4252 635 4330 Audieris,
660 4252 689 4314 si
712 4272 793 4333 quos
811 4253 955 4334 foritsan
976 4250 1122 4332 'reliquos
1141 4249 1283 4330 ferisset,

1108 4368 1121 4407 ε
