3102 4934
605 348 811 405 -00-

134 576 187 591 ...
210 526 368 591 00001101
389 548 464 590 enne
486 527 682 597 1100010111οκ,
705 548 769 610 qaia
788 526 842 590 die
860 526 940 589 011111
956 527 1132 590 Messanae
1148 533 1287 609 praesta

133 635 247 690 esseut.

232 734 349 792 Nonne
366 734 485 792 codem
501 734 601 791 modo
618 750 682 807 qno
699 734 868 791 nominum
885 734 1013 791 iteratio
1030 735 1111 791 hacc
1128 733 1286 791 orationis

132 834 350 893 conformatio
366 835 428 893 arti
443 834 487 892 illi
503 834 687 892 rhetoricae
704 842 873 910 repugnat,
889 849 952 907 qua
968 834 1159 904 orationem,
1175 850 1285 906 quain·

131 936 179 992 vis
207 950 328 1011 magna
356 935 504 992 ubertate
527 936 576 1005 sit,
610 950 706 1009 quam
739 934 882 992 maxime
916 934 1112 991 concinnam
1145 934 1284 993 reddere

130 1042 227 1108 atquc
250 1035 417 1093 astrictam
441 1043 606 1093 oratorem
629 1035 749 1092 decere
771 1034 862 1092 multi
887 1036 1020 1108 putant?

230 1134 343 1207 Neque
377 1152 457 1194 vcro
493 1136 610 1192 desunt
643 1134 715 1207 loci,
748 1135 865 1207 quihus
899 1134 1038 1192 dubitari
1073 1152 1139 1192 non
1168 1142 1285 1208 potest,

130 1236 207 1308 quin
230 1251 249 1291 a
272 1235 326 1291 via
348 1235 402 1292 illa
424 1244 522 1307 atque
556 1236 682 1293 ratione
716 1235 873 1307 loquendi
907 1242 1055 1292 oratores
1089 1235 1176 1292 haud
1208 1250 1283 1298 raro

129 1335 260 1411 longius
294 1334 512 1393 discesserint.
559 1334 673 1393 Cicero
708 1334 848 1409 quidem,
882 1335 935 1408 qui
970 1350 1084 1393 omnes
1118 1334 1283 1393 Romanos

129 1436 292 1512 elegantia
326 1436 500 1510 superavit,
523 1451 620 1509 quam
642 1452 709 1511 non
733 1435 774 1493 sit
796 1436 829 1493 in
853 1435 994 1493 dicendo
1019 1436 1282 1510 circumscriptus

129 1537 313 1610 praeceptis
350 1536 411 1594 illis
449 1552 606 1610 apparere
640 1537 835 1594 crediderim
870 1551 912 1592 cx
945 1536 1006 1593 hac
1043 1552 1282 1610 perpaucorum

128 1636 356 1709 exemplorum
390 1637 482 1693 serie.
526 1635 663 1710 Scripsit
691 1636 778 1694 enirn
800 1637 853 1693 ille
886 1635 975 1694 Vcrr.
997 1633 1049 1693 IV.
1075 1636 1120 1693 10.
1144 1636 1181 1693 21
1216 1630 1282 1693 Sed

127 1732 217 1813 qnod
240 1736 312 1792 erat
329 1734 386 1805 (sc.
403 1732 560 1804 Phaselis)
585 1730 656 1792 eins
678 1730 770 1793 arodi
791 1730 862 1793 icco
885 1736 982 1811 atque
1004 1730 1054 1793 ita
1070 1730 1224 1813 proiecta
1247 1724 1282 1793 in

127 1831 245 1909 011000,
279 1837 316 1893 01
348 1837 378 1893 01
411 1837 568 1893 ercenntes
591 1851 606 1891 e
632 1826 751 1893 Cilicia
772 1831 965 1913 praedones
997 1850 1095 1913 saepe
1128 1831 1174 1893 ad
1208 1852 1282 1894 earn

128 1929 317 1995 necessario
340 1930 540 2000 devenirent,
564 1936 603 2008 et,
633 1951 731 2013 qnorn
754 1952 787 1993 se
810 1952 852 1993 ea
874 1929 962 1993 hisee
983 1929 1064 1993 locis
1086 1930 1280 2013 reciperent,

126 2031 241 2095 eodem
275 2031 499 2112 deferrentur,
533 2029 748 2095 adsciverant
769 2029 833 2093 sibi
854 2029 941 2094 iilud
964 2029 1125 2113 oppidum
1141 2030 1280 2115 piratae

124 2131 239 2214 primo
256 2130 459 2209 0010000010,
476 2130 596 2193 deinde
612 2129 710 2195 etiarn
727 2130 889 2193 societate.
924 2135 986 2194 Ubi
1004 2137 1079 2209 quia
1094 2136 1279 2209 praedones

124 2246 159 2294 et
183 2237 308 2310 piratae
332 2237 419 2294 idem
442 2245 516 2294 sunt
542 2236 703 2307 homines,
732 2237 886 2294 alterutra
912 2252 981 2293 vox
1009 2237 1113 2293 omitti
1143 2244 1278 2310 poterat,

125 2353 234 2411 neque
257 2337 322 2394 loci
346 2337 508 2394 sententia
531 2352 570 2394 eo
595 2331 1278 2413 000001000101001110101010100100101

123 2451 308 2511 pronomen
333 2437 499 2510 quoddam
516 2438 601 2510 poni.
646 2436 711 2495 Sed
731 2436 904 2494 enuntiatis
920 2452 1018 2512 qnorn
1035 2480 1041 2492 .
1059 2480 1065 2493 .
1083 2481 1089 2493 .
1107 2431 1278 2513 deferren-

122 2538 181 2593 tnr
203 2537 405 2610 interpositis
429 2539 545 2595 iterum
569 2538 598 2594 ei
622 2539 839 2607 nominantur,
863 2538 904 2594 de
928 2538 1044 2610 quibus
1068 2537 1182 2613 agitur,
1199 2545 1277 2596 1010-

121 2653 221 2709 quam
246 2638 273 2693 si
295 2654 362 2694 non
385 2637 449 2694 iarn
472 2645 568 2694 antea
591 2638 765 2713 significati
788 2639 859 2694 sint.

224 2737 337 2810 Neque
369 2738 474 2794 minus
508 2737 607 2813 longe
636 2754 671 2794 00
699 2753 871 2815 removere
899 2738 977 2794 inihi
1004 2738 1133 2795 vidctm·
1163 2747 1278 2796 auctor

23 2866 24 2891 t
119 2838 163 2893 ab
200 2837 255 2893 illa
291 2837 409 2894 usitata
451 2837 608 2894 orationis
652 2837 888 2908 concinnitate,
926 2853 999 2894 curn
1037 2838 1150 2894 scribit
1187 2836 1276 2895 Vcrr.

23 2946 24 2959 ¹
119 2935 174 2994 lll.
213 2937 261 2993 58.
297 2936 354 2992 134
385 2937 419 2992 ta
452 2928 650 3013 Aproniam,
681 2930 846 2994 1101010000
883 2931 941 2993 aia
977 2931 1128 3010 liberant,
1166 2939 1276 2996 conta-

23 3088 24 3099 ,
118 3032 297 3109 0110101010,
313 3031 498 3113 perditam,
518 3031 733 3115 flapitiosnrn,
756 3032 813 3114 qni
834 3052 900 3095 000
915 3033 1012 3096 niodo
1028 3032 1180 3095 anirnnrn
1195 3032 1275 3096 iate-

23 3158 24 3201 1
117 3153 229 3214 pru-m,
262 3131 320 3194 sed
347 3152 387 3193 ne
410 3131 559 3195 00101001
585 3132 718 3214 quidem
733 3152 864 3215 param
886 3153 1083 3196 0000000000
1099 3132 1274 3215 potuisset,

118 3231 631 3295 00010100101000100100000
655 3282 661 3295 .
687 3282 692 3295 .
718 3283 723 3294 .
748 3231 962 3315 appellasses,
986 3239 1062 3296 ibid.
1085 3238 1140 3296 Ill.
1163 3239 1211 3309 39,
1235 3240 1274 3297 89

117 3330 164 3395 Ar
187 3331 443 3409 Amestratinos,
467 3332 615 3395 1100111100
638 3332 756 3411 tanais,
790 3354 865 3395 0001
893 3354 1007 3396 corant
1030 3334 1188 3396 decnrnas
1210 3356 1273 3396 nae·

117 3431 246 3496 dirnnis
269 3429 393 3496 Dect*
413 3432 618 3496 vendidisses
641 3433 818 3497 Bariobali
840 3434 977 3497 Venerio
1001 3434 1195 3517 (capnoscite
1219 3456 1274 3497 no·
1331 3476 1334 3481 >

116 3532 214 3595 mirra
233 3532 509 3615 publicanorum)
536 3568 575 3576 -
603 3534 690 3617 rapis
717 3556 770 3597 eos
793 3534 872 3616 pins
898 3533 986 3597 incri
1011 3534 1147 3612 addere,
1172 3555 1270 3616 qnam

115 3631 238 3714 000011
260 3632 444 3711 uenierunt,
468 3655 542 3695 curn
567 3654 686 3716 acapna
709 3635 882 3697 vertissent.

220 3737 301 3795 Nam
335 3748 473 3813 utroque
497 3740 571 3797 loco
596 3756 729 3812 prorsus
754 3756 1033 3813 supervacaneum
1057 3757 1130 3798 esse
1153 3756 1271 3814 prono-

116 3855 193 3897 men
219 3836 435 3908 1000101000
459 3840 572 3915 negari
596 3848 795 3913 0001101001.
825 3840 931 3897 Nihilo
956 3841 1070 3911 minue,
1094 3841 1271 3899 0111010110

115 3940 159 3996 ita
184 3939 325 3996 formata
348 3940 396 4010 sit,
419 3956 485 3997 non
509 3941 593 3996 latet.
624 3938 661 3995 Id
678 3941 764 3997 enim
787 3941 949 4013 spectavit
971 3949 1094 4011 auctor,
1117 3950 1151 3998 ut
1175 3957 1271 4011 quam

114 4039 260 4115 maxima
294 4039 325 4094 vi
360 4046 456 4112 atque
490 4039 637 4114 pondere
664 4038 739 4096 illuc
761 4039 886 4113 Aproni
909 4050 1072 4112 premeret
1093 4039 1271 4111 nequitiam

115 4140 316 4210 sordemque
351 4136 437 4207 (0010
461 4141 478 4197 i.
502 4157 528 4196 0.
552 4139 648 4207 einen
672 4154 709 4195 00
733 4138 1020 4215 nichtswurdigen,
1045 4139 1270 4213 schmutzigen

114 4239 293 4296 Menschen
328 4236 448 4297 hattest
482 4240 526 4296 du
548 4284 554 4294 .
577 4285 583 4294 .
607 4236 635 4309 .),
669 4239 721 4295 hic
755 4238 946 4296 tenuitatem
980 4245 1269 4312 paupertatemque
