3102 4934
633 361 840 418 ...29-

156 528 310 616 morolio,
335 552 448 619 utpote
471 559 535 618 quo
559 544 634 602 loco
655 545 820 618 Apronius
834 543 1019 618 Verresque
1041 545 1127 602 inter
1149 560 1184 603 se
1208 559 1310 619 oppo-

156 653 285 705 nantur.
335 645 448 718 Neque
475 645 637 703 maiorem
660 645 883 719 suspicionem
908 659 1047 703 movere
1080 650 1221 719 possunt
1253 658 1310 703 no.-

156 747 254 818 mina,
287 761 371 820 quse
404 746 447 803 ud
479 744 714 803 sententiarum
741 746 871 819 pondus
898 745 1086 822 sugendum
1108 745 1313 803 accumulate

157 854 241 918 sunu
264 847 348 905 siout
374 845 416 904 de
442 846 505 921 leg.
528 860 595 921 sgr.
618 843 655 902 ΙΙ.
678 846 705 903 8.
729 844 769 902 20
802 839 874 903 Hoc
900 839 1012 903 dicam
1032 839 1191 923 planius:
1223 838 1312 902 iubet

155 940 292 1018 Rullus,
325 939 421 1004 bomo
443 960 510 1003 non
532 939 675 1022 cupidus
697 960 802 1022 neque
829 947 998 1022 appetens,
1030 939 1150 1003 babere
1175 938 1311 1003 comitia

156 1042 309 1106 Rullum.
343 1045 407 1106 Ubi
422 1060 482 1121 pro
498 1040 658 1117 „Rullum“
674 1051 798 1117 „semet
814 1040 936 1120 ipsum“
952 1053 1082 1120 poterat
1096 1046 1169 1105 dici.
1200 1043 1309 1104 Simile

159 1148 329 1222 scriptoris
351 1146 525 1205 consilium
547 1153 636 1220 patet
657 1161 718 1221 pro
741 1142 822 1204 Sest.
847 1146 893 1205 16.
916 1145 954 1203 37
989 1139 1080 1204 Erat
1112 1147 1224 1205 autem
1256 1160 1310 1203 res

158 1243 190 1307 ei
211 1263 286 1306 cum
308 1240 457 1305 enercitu
483 1236 516 1305 C.
540 1239 633 1303 Mari
659 1239 791 1320 inuicto,
818 1239 957 1305 babebat
982 1239 1157 1304 inimicum
1182 1237 1215 1305 0.
1239 1240 1310 1304 Ma·

158 1344 260 1423 rium,
284 1348 550 1406 conservatorem
565 1340 715 1424 patriae,
738 1389 744 1403 .
770 1388 777 1403 .
801 1389 808 1403 .

259 1447 298 1506 In
321 1446 410 1522 quod
432 1463 537 1524 genus
562 1445 684 1509 eadunt
706 1447 788 1505 bueo
811 1462 942 1521 quoque
964 1449 1080 1506 verbs:
1103 1448 1145 1505 de
1164 1448 1227 1524 leg.
1243 1463 1310 1524 sgr.

158 1549 331 1608 iisset
355 1542 566 1607 ...nedum
592 1540 649 1605 isti
675 1542 717 1605 ab
738 1540 841 1605 Rullo
864 1548 895 1604 et
917 1542 1013 1605 Rulli
1039 1542 1206 1606 similibus
1238 1563 1311 1606 con·

151 1643 276 1728 ,quisiti
308 1649 406 1725 atque
433 1641 526 1705 electi
552 1640 660 1705 coloni
683 1691 689 1705 .
714 1690 721 1703 .
745 1690 752 1703 .
777 1654 810 1706 et
836 1646 926 1706 Verr.
948 1648 1002 1706 111.
1031 1650 1077 1706 14.
1100 1647 1139 1706 37
1174 1641 1219 1706 At
1244 1642 1311 1706 ista

158 1745 210 1808 uis
239 1742 420 1826 Septicium
442 1749 472 1804 et
498 1740 677 1805 nonnullos
703 1740 829 1824 Septici
854 1741 980 1806 similes
1007 1763 1074 1806 non
1097 1750 1221 1807 coercet
1244 1793 1250 1806 .
1274 1793 1310 1808 ..

159 1867 235 1908 omn
257 1855 371 1907 nostro
394 1863 455 1906 nos
479 1862 631 1905 sermone
648 1848 759 1905 dicere
779 1848 1018 1906 consuerimus:
1040 1849 1311 1926 seincsgleicben,

159 1950 250 2024 quod
272 1955 382 2006 iumen
405 1965 423 2005 s
442 1947 630 2005 Latinorum
653 1962 805 2005 sermone
828 1962 897 2006 non
918 1963 1052 2022 prorsus
1074 1948 1215 2007 alienum
1238 1964 1310 2007 csse

160 2067 204 2109 ex
230 2049 321 2107 hisco
354 2048 465 2106 verbis
499 2050 647 2122 apparet:
681 2045 771 2105 Verr.
797 2046 851 2105 ΠΙ.
879 2047 926 2105 62.
952 2047 1010 2105 143
1033 2094 1039 2106 .
1062 2093 1068 2106 .
1091 2093 1097 2106 .
1119 2064 1186 2106 non
1213 2044 1310 2107 modo

159 2143 311 2226 Apronio
334 2149 431 2224 atque
454 2141 525 2203 eius
547 2141 712 2204 similibus
734 2191 740 2203 .
766 2190 772 2202 .
798 2191 804 2205 .

260 2249 454 2321 Plerumque
476 2248 617 2317 nomina,
641 2262 705 2321 quo
728 2247 852 2305 maiore
876 2263 950 2305 cum
972 2246 1118 2322 pondere
1141 2250 1310 2307 nominen-

152 2335 220 2421 tur,
243 2350 276 2408 in
298 2349 456 2407 similibus
479 2348 712 2405 sententiarum
734 2347 816 2405 locis
839 2347 995 2406 coiloosri
1023 2349 1141 2421 solent3
1175 2349 1244 2407 sive
1277 2350 1311 2407 in

160 2466 274 2508 esrum
307 2448 415 2519 initiis,
447 2447 538 2505 velut
569 2446 658 2504 Veri.
685 2445 723 2504 ii.
752 2446 798 2504 10.
826 2447 865 2505 26
899 2441 1018 2506 Verres
1050 2442 1311 2508 calumniatores

160 2543 362 2628 apponebat,
406 2541 524 2604 Verres
573 2542 688 2605 adesse
735 2541 880 2617 iubebat,
923 2541 1043 2605 Verres
1090 2543 1309 2627 capnoscebat

166 2644 288 2707 Verres
315 2642 504 2721 iudicabat;
535 2646 611 2705 ibid.
638 2645 689 2704 IV.
711 2645 760 2704 38.
783 2646 823 2706 83
852 2641 971 2705 Verres
1004 2640 1164 2724 Africani
1196 2663 1311 2706 monu-

154 2744 282 2821 mentis
304 2744 440 2807 domum
460 2763 558 2806 suam
575 2740 716 2823 plenam
738 2741 860 2831 stupri
874 2741 1015 2825 plenam
1028 2741 1160 2828 dapitii,
1169 2742 1311 2826 plenam

162 2843 335 2909 dedecoris
372 2841 525 2906 ornabit?
568 2841 701 2933 Verres¹
719 2841 1015 2925 temperantissimi
1045 2843 1310 2925 sanctissimique

152 2930 229 3009 uiri
251 2949 510 3016 monumentum,
534 2941 669 3005 Dianae
692 2941 914 3005 simulacrum
936 2942 1078 3027 uirpinis
1099 2943 1136 3029 in
1159 2964 1198 3006 ea
1213 2945 1310 3029 domo

148 3030 346 3109 'conlocabit
368 3092 374 3105 .
398 3091 405 3104 .
430 3091 436 3104 .
460 3048 536 3106 ibid.
558 3046 609 3105 IV.
633 3048 680 3106 57.
705 3047 764 3105 126
797 3042 916 3105 Verres
947 3041 1028 3131 baec
1059 3043 1179 3108 babeat
1212 3044 1311 3124 domi,

153 3128 288 3207 'Verres
321 3142 526 3232 ornamentis
555 3142 719 3225 fanorum
746 3149 844 3225 atque
876 3142 1076 3226 oppidorum
1090 3143 1220 3231 ‚nubea
1240 3144 1312 3228 ple-

161 3265 244 3319 nam
263 3244 408 3315 domum,
432 3242 531 3307 uillas
550 3242 703 3323 refertas.
738 3247 969 3307 ieiuniis
997 3243 1132 3307 Verrem
1156 3266 1233 3325 esse,
1256 3248 1313 3328 qui

162 3350 293 3407 vestras
325 3326 424 3406 uillas
456 3343 527 3406 suis
553 3342 721 3405 marsubiis
748 3343 863 3406 ornet?
897 3343 1134 3427 Verremesse,
1158 3345 1215 3427 qui
1237 3367 1312 3410 cuni

162 3443 201 3507 L.
218 3442 380 3505 Mummio
403 3449 524 3506 certet.
543 3491 548 3505 .
567 3443 603 3505 ..l
635 3430 711 3506 ibid.
733 3447 787 3507 ΠΙ
805 3449 851 3506 72.
870 3448 929 3506 168
956 3443 1089 3524 Vettius,
1112 3452 1190 3508 tuus
1209 3428 1312 3528 fauti-

162 3542 377 3623 dimissimus,
407 3542 541 3621 Vettius,
575 3550 652 3606 tuus
684 3542 810 3624 affinis,
844 3544 939 3607 cuius
970 3564 1118 3608 sororem
1151 3545 1250 3609 babes
1276 3546 1312 3608 in

161 3642 387 3721 matrimonio,
404 3650 481 3706 tuae
496 3642 615 3706 umoris
627 3643 749 3724 frater,
769 3642 904 3723 Vettius,
924 3644 1038 3728 frater
1052 3644 1103 3708 tui
1117 3645 1312 3727 quaestoris,

150 3738 306 3808 ‘testatur
327 3742 448 3806 litteris
469 3742 797 3825 impudentissimum
817 3750 912 3807 tuum
931 3745 1085 3826 furtum·
1106 3751 1183 3809 ibid.
1198 3750 1249 3810 IV.
1265 3752 1313 3810 50.

149 3850 224 3907 'll-2
257 3843 379 3907 Henna
405 3850 441 3906 tu
463 3842 684 3906 simulacrum
709 3838 840 3906 Cereris
862 3843 977 3906 tollere
1000 3845 1156 3924 audebas,
1193 3847 1313 3909 Henna

162 3951 199 4008 tu
232 3943 274 4007 de
305 3964 410 4007 manu
446 3939 576 4007 Cereris
610 3942 790 4006 Victoriam
823 3943 951 4025 eripere
984 3994 990 4007 .
1016 3993 1053 4006 ..
1088 3953 1227 4009 conatus
1260 3948 1314 4008 esi

162 4049 219 4107 ubi
242 4055 274 4107 et
296 4048 432 4107 Hennae
456 4057 488 4106 ei
510 4046 638 4105 Cereris
660 4049 794 4106 nomine
816 4048 955 4107 consilio
979 4050 1143 4124 duplicata
1169 4059 1250 4109 sunt.
1274 4081 1311 4088 —

163 4152 234 4208 sive
267 4149 301 4205 in
335 4148 398 4207 fine
433 4148 666 4208 sententiarum
698 4149 916 4221 inveniuntur,
950 4156 985 4207 ut
1007 4150 1154 4208 afferam:
1188 4151 1229 4209 de
1251 4151 1312 4227 leg.

164 4265 231 4327 sgr.
266 4247 304 4306 H.
331 4249 359 4306 9.
387 4249 426 4306 22
463 4240 545 4315 Quis
577 4241 681 4325 lepem
714 4241 814 4306 tulit?
857 4243 990 4307 Rullus.
1037 4241 1122 4316 Quis
1151 4245 1313 4308 maiorem
