3102 4934
715 312 922 369 ‚24-

243 499 397 557 tollendis
420 497 602 556 remedium
624 496 733 555 afferri
756 512 839 571 opus
862 513 934 555 esse
961 497 1068 555 visum
1096 505 1158 570 est3
1191 499 1291 557 immo
1325 516 1399 574 per·

243 615 382 675 mugnus
406 608 455 656 est
478 614 593 657 eorum
615 598 764 655 locorum
786 612 949 669 numerus,
983 598 1101 670 quibus
1127 613 1249 656 nomen
1270 598 1304 656 in
1326 600 1401 657 vitii

244 699 468 773 suspicionem
491 706 645 757 vocatum
667 712 735 755 non
758 707 821 770 est;
844 714 908 771 quo
931 698 963 755 in
986 714 1124 757 numero
1146 698 1290 757 bisunt:

342 822 432 882 Verr.
454 822 493 880 IL
516 821 564 881 30.
588 822 627 879 75
650 818 764 879 erebro
785 838 819 879 ee
838 838 996 881 aceeneue
1011 817 1203 882 demittebat
1218 819 1263 882 ad
1278 839 1399 883 aurem

248 917 489 982 Timarchides
522 923 600 982 ibid.
622 921 660 980 Π.
684 924 732 980 41.
757 922 818 979 100
849 916 1080 981 Nuntiabatur
1106 916 1163 981 teti
1178 918 1305 1001 primii
1326 918 1400 982 illie

242 1018 456 1103 temporibus,
479 1066 485 1080 .
510 1067 517 1079 .
542 1066 549 1080 .
573 1017 674 1081 etiam
697 1017 733 1079 in
755 1016 905 1081 cophene
926 1017 1098 1081 tribunum
1114 1017 1223 1101 plebie
1237 1019 1277 1082 de
1293 1039 1399 1083 cauea

243 1118 368 1197 Stheni,
395 1118 440 1181 M.
464 1116 678 1197 Palicanum,
705 1138 774 1179 eene
800 1124 962 1199 questum,
996 1123 1315 1182 101111011828
1348 1117 1399 1181 in·

244 1226 376 1283 eentum
413 1224 526 1282 tamen
562 1238 631 1279 eene
663 1218 788 1299 fortem
825 1215 971 1280 amicum
1015 1238 1057 1280 er
1098 1219 1215 1282 eadem
1247 1218 1398 1301 familia,

244 1318 280 1393 Q.
303 1319 440 1382 Verrem
462 1317 621 1397 Romilia,
643 1322 720 1380 ibid.
735 1322 816 1381 iii.
836 1324 873 1379 19
899 1325 937 1379 ut
959 1317 1166 1381 Halaesinus
1199 1319 1245 1382 aa
1271 1339 1306 1381 ne
1327 1319 1398 1382 Dio

243 1420 400 1484 continuo
423 1418 549 1481 reniret
572 1467 578 1480 .
604 1467 610 1480 .
636 1465 642 1479 .
688 1423 728 1481 Et
762 1422 906 1481 eonferri
940 1430 1091 1498 possunt:
1129 1439 1187 1498 pro
1225 1424 1257 1481 P.
1290 1422 1398 1483 Sestio

243 1527 304 1584 3.7
329 1532 361 1583 et
383 1527 410 1582 4.
433 1525 461 1596 9,
483 1540 543 1598 pro
566 1523 660 1582 Rose.
684 1522 838 1582 Comoed.
864 1524 910 1580 13.
933 1523 981 1582 30.
1004 1525 1076 1583 elia.

343 1651 456 1724 Neque
485 1650 688 1709 orationibus
716 1651 794 1707 solis
821 1650 955 1708 nomina
977 1651 1041 1709 hoe
1064 1651 1164 1708 modo
1188 1653 1296 1725 posita
1318 1666 1395 1709 eon·

245 1753 400 1823 tinentnr3
433 1751 505 1809 aliis
539 1766 669 1824 quoque
703 1751 851 1809 eiusdem
884 1751 1027 1809 auctoris
1061 1751 1191 1825 seriptis
1224 1752 1302 1810 talia
1328 1766 1397 1809 non

244 1853 371 1909 desunt.
416 1850 510 1908 Velut
536 1851 578 1908 de
604 1858 667 1909 net.
695 1849 784 1909 deor.
806 1848 844 1908 11.
867 1850 915 1908 34.
938 1851 978 1909 88
1012 1842 1139 1917 Qeiodsi
1165 1845 1201 1908 in
1223 1845 1397 1930 Scythiam

244 1953 303 2010 aut
334 1946 370 2008 in
396 1945 618 2008 Britanniam
650 1944 829 2028 sphaeram
863 1944 987 2027 aliquis·
1019 1945 1134 2008 tulerit
1166 1944 1261 2016 hane,
1294 1965 1397 2027 quam

245 2066 350 2128 anper
373 2044 564 2127 familiaris
592 2051 704 2107 noster
731 2045 838 2126 effecit
864 2045 1076 2123 Posidonium,
1110 2051 1185 2108 ibid.
1208 2049 1262 2108 ΠΙ.
1284 2050 1332 2108 32.
1356 2050 1400 2109 80

243 2166 304 2209 eur
324 2145 452 2209 sociabis
474 2165 567 2207 meus
588 2145 785 2227 interfectus
807 2145 898 2208 dorni
919 2165 1010 2224 suae,
1037 2145 1199 2208 Drusus?
1232 2164 1292 2208 eur
1317 2151 1399 2207 tem·

239 2247 417 2329 perantiae
437 2245 707 2329 prudentiaeque
733 2245 898 2328 epeeirnen
926 2251 1003 2308 ante
1030 2244 1250 2309 simulacrum
1279 2244 1398 2308 Vestae

240 2346 396 2428 pontifex
421 2345 593 2410 unanimus
626 2353 673 2408 ent
697 2342 732 2418 Q.
758 2344 919 2408 Scaeuola
941 2345 1153 2408 trucidatus!
1196 2350 1296 2408 Pauio
1320 2358 1399 2426 post

242 2453 350 2529 pergit
383 2459 511 2510 auctor:
555 2465 615 2508 eur
652 2446 800 2509 boricium
832 2445 1142 2528 perfidiosimimue,
1184 2441 1216 2509 C.
1252 2445 1397 2525 Marius,

243 2545 279 2619 Q.
306 2543 473 2625 Catulum,
503 2546 811 2627 praestantissuma
833 2545 996 2629 etipnitate
1019 2546 1139 2623 pirum,
1174 2545 1261 2607 mori
1281 2545 1399 2628 potuit

242 2648 374 2709 iubere?
397 2682 434 2690 -
464 2668 537 2710 eum
560 2652 657 2725 paulo
681 2659 756 2726 post
779 2648 845 2721 (81)
875 2652 996 2725 seriptu
1023 2652 1087 2708 sint
1113 2652 1208 2709 haee:
1241 2664 1302 2708 eur
1330 2666 1398 2707 om-

243 2747 335 2809 nium
358 2746 612 2809 crudelissimus
634 2753 704 2809 tam
727 2746 787 2808 etin
812 2744 920 2809 Cirtisa
943 2746 1118 2829 repnarit!
1162 2749 1285 2809 Similia
1307 2757 1398 2808 suntz

240 2853 333 2911 Tuse.
357 2852 379 2910 1.
404 2853 450 2910 18.
473 2854 527 2925 413
551 2853 592 2910 de
614 2852 666 2910 fin.
689 2851 726 2909 II.
752 2851 797 2908 16.
821 2853 869 2909 54.

342 2977 437 3035 Hune
474 2984 584 3036 autem
620 2977 790 3035 nominum
827 2993 921 3034 usum
957 2977 1054 3034 nobis
1090 2983 1205 3034 nostro
1243 2991 1397 3034 sermone

243 3079 351 3151 aliquo
375 3078 475 3134 modo
499 3077 700 3135 imitantibus
722 3077 765 3134 ad
792 3092 914 3135 nomen
942 3076 1130 3134 addendum
1159 3086 1220 3134 est:
1253 3076 1398 3134 nitmlieh

242 3179 296 3236 vei
328 3178 489 3235 nntiirlieh
514 3178 568 3235 vel
601 3178 654 3235 ieh
680 3177 788 3234 moine
815 3178 869 3235 vel
903 3178 1048 3251 gemeint
1081 3177 1123 3234 ist
1149 3177 1309 3235 nntiiriioh
1342 3177 1398 3234 vel

244 3279 368 3349 similia,
401 3278 566 3335 interdum
597 3292 668 3335 vox
693 3277 765 3351 ipsa
792 3277 860 3334 sive
889 3286 1001 3352 gestus
1029 3277 1161 3349 qnidam
1188 3277 1276 3334 idem
1297 3284 1397 3350 utque

243 3379 297 3435 illa
333 3378 557 3435 additamenta
592 3377 710 3448 volent,
747 3377 782 3433 id
819 3378 907 3451 quod
944 3378 976 3433 in
1014 3392 1166 3434 sermone
1203 3377 1273 3434 fleri
1312 3377 1398 3434 solet

245 3478 420 3536 cotidiano

342 3602 513 3675 Reliquum
528 3609 586 3674 est,
602 3609 637 3659 ut
653 3618 699 3672 ea,
723 3618 806 3675 quae
821 3617 895 3676 pag.
908 3600 948 3657 20
964 3601 1005 3658 de
1021 3601 1154 3658 nomine
1170 3601 1304 3675 proprio
1321 3617 1397 3658 eum

242 3703 438 3777 pronomine
471 3702 652 3776 repetendo
679 3702 778 3759 aliato
805 3708 887 3773 sunt,
920 3700 1066 3775 pluribus
1090 3700 1250 3775 exemplis
1273 3701 1396 3759 stabili-

243 3811 344 3860 antur.
388 3801 502 3875 Neque
536 3803 624 3860 enim
646 3802 728 3860 haee
751 3803 911 3860 orationis
933 3803 1039 3878 figura
1061 3818 1080 3858 a
1103 3802 1317 3875 scriptoribus
1339 3808 1397 3860 aut

243 3899 378 3962 Graecis
400 3910 455 3960 nut
476 3901 631 3960 Romanis
654 3902 760 3960 aliena
775 3903 844 3961 fuit.
874 3896 997 3980 Lpsiar
1013 3902 1145 3975 quidem
1168 3901 1249 3959 haee
1265 3901 1398 3977 scripsit

244 4000 296 4072 (et.
318 4018 428 4080 progr.
450 4002 555 4060 Berol.
579 3996 727 4075 1900t01)
763 4010 842 4061 orat.
867 4002 913 4059 13.
944 4004 982 4059 55
1021 3991 1140 4060 ’Λκοοω
1162 3994 1197 4058 δὲ
1219 3991 1321 4059 αὐτόν
1341 3999 1396 4059 καὶ

242 4100 287 4172 εἰς
309 4101 539 4182 Μενέστρατον
561 4094 735 4183 ἀναφέρειν
765 4122 798 4160 τι
824 4099 988 4177 περὶτῶν
1018 4092 1154 4179 γραᾳοῖν
1175 4090 1311 4160 τούτων·
1355 4092 1393 4158 το

242 4197 278 4261 δὲ
299 4195 355 4262 τοῦ
379 4196 609 4280 Μενεστράτου
630 4193 765 4282 πρᾶγμα
786 4200 934 4261 τοιοῦτον
955 4196 1089 4275 ἐγένετο.
1127 4193 1144 4260 ὁ
1171 4199 1398 4279 Μενέστρατος
