3102 4934
718 353 924 411 -18-

348 539 461 613 Neque
484 547 593 598 tamen
618 555 700 614 opus
723 546 792 597 erat
814 539 925 597 verbis
941 540 1044 616 pater
1065 532 1172 613 iatius,
1206 555 1280 597 cum
1303 554 1399 597 nemo

249 641 313 698 nisi
327 638 438 698 Verris
453 647 548 714 pater
561 639 757 714 pronomine
778 633 836 696 ilie
859 639 1025 716 designari
1040 645 1161 714 posset.
1194 638 1401 698 Antecedunt

249 741 337 798 enim
359 742 472 798 verba:
499 734 646 823 'Aderat
667 734 704 796 ia
725 740 845 798 acuatu
867 733 994 811 Verres,
1012 740 1115 815 pater
1137 732 1244 813 iatius,
1268 740 1298 795 et
1317 733 1401 816 siens

246 855 353 897 uuum
386 852 546 917 quemque
578 841 771 897 seuatoram
803 834 953 918 requirat,
987 841 1024 896 ut
1054 833 1125 916 filio
1151 855 1211 897 cuo
1234 840 1401 916 parceret,

246 954 351 1017 aeque
373 943 485 998 tamea
508 934 650 998 muitum
668 933 884 1017 proficiebam·
906 942 980 998 erat
995 934 1083 997 euim
1098 955 1232 998 summa
1247 933 1402 997 coluutaa

247 1042 392 1098 senatus.
437 1035 554 1116 Itaque
576 1034 758 1098 sententiae
781 1033 1000 1098 dicebantur.
1019 1083 1025 1096 .
1042 1051 1049 1096 ·.
1075 1038 1269 1114 (sequuntur
1289 1039 1402 1114 paucis

246 1141 358 1199 verbis
395 1142 468 1199 illae
505 1137 710 1208 sententiae).
753 1140 843 1198 Talia
875 1142 1099 1199 additamenta
1131 1141 1175 1199 ad
1208 1139 1403 1198 sententiam

248 1249 338 1300 reete
361 1243 608 1317 percipiendam
630 1256 699 1299 non
721 1243 910 1300 necessaria
932 1248 1064 1315 atquae
1087 1242 1201 1316 paucis
1224 1238 1403 1298 intervallis

247 1343 388 1417 repetita
420 1343 492 1414 sint,
525 1343 613 1400 haud
644 1357 719 1400 raro
753 1342 971 1400 inveniuntur.
1014 1340 1111 1399 Velut
1137 1341 1191 1399 lib.
1217 1340 1240 1397 I.
1263 1340 1311 1412 41,
1336 1338 1403 1396 123.

249 1437 284 1500 Is
306 1436 346 1498 A.
375 1436 575 1499 Pretorium
604 1435 753 1517 fratrem
786 1434 949 1499 habuerat
971 1435 1211 1518 proscriptum.
1257 1432 1302 1495 Ei
1328 1453 1403 1495 cum

249 1544 385 1601 cautum
407 1535 513 1613 uellet,
536 1535 680 1618 scripsit,
703 1543 741 1599 ut
763 1535 899 1599 heredes
920 1534 1076 1600 iurareut
1098 1556 1132 1598 se
1155 1540 1344 1613 curaturos,
1366 1538 1403 1594 ut

250 1657 292 1699 eac
313 1658 377 1700 sua
399 1636 556 1718 cuiusque
572 1643 675 1719 parte
698 1656 739 1698 ae
753 1635 866 1699 miuus
882 1634 1063 1699 dimidium
1078 1635 1125 1700 ad
1140 1635 1179 1697 A.
1202 1632 1403 1696 Trebonium

249 1736 347 1798 ilium
373 1736 612 1819 proscriptum
631 1735 833 1819 pereeuiret.
891 1740 956 1800 Ubi
989 1747 1046 1799 aut
1082 1757 1204 1799 nomen
1236 1739 1403 1815 proprium

248 1835 401 1900 iteratum
424 1849 480 1900 aut
503 1857 624 1899 nomen
647 1842 880 1917 appellativum
902 1857 971 1900 non
994 1847 1213 1916 exspectatur.

350 1940 439 2014 Quae
463 1959 538 2000 cum
559 1944 604 2001 ita
626 1943 698 2014 sint,
731 1942 955 2000 necessarium
988 1957 1061 1999 esse
1095 1943 1159 1999 hoc
1184 1941 1259 1999 loco
1283 1955 1404 1997 nomen

248 2044 416 2117 proprium
439 2043 518 2101 nrihi
532 2043 662 2100 videtur
677 2042 865 2118 negandum
882 2058 963 2113 esse,
986 2042 1046 2100 sed
1061 2058 1080 2098 a
1096 2039 1256 2099 Cicerone
1271 2040 1403 2098 minime

249 2160 322 2201 esse
346 2143 608 2201 abiudieaudunr.
652 2141 711 2201 Cui
734 2144 782 2201 rei
804 2150 997 2218 argumento
1022 2149 1072 2201 est
1087 2159 1126 2200 ea
1147 2141 1304 2215 loquendi
1327 2155 1401 2198 con·

248 2245 398 2315 suetudo,
432 2260 531 2317 quam
564 2253 694 2318 praeter
716 2242 910 2301 Ciceronem
937 2244 1008 2302 aliis
1031 2257 1162 2316 quoque
1190 2241 1403 2315 scriptoribus

250 2344 413 2419 placuisse
447 2360 546 2418 supra
579 2345 891 2415 demonstravimus,
929 2359 1092 2417 quamque
1126 2342 1323 2417 Madvigius,
1354 2346 1402 2397 ut·

249 2452 327 2518 pote
366 2444 419 2501 cui
451 2443 641 2501 Dolabellae
679 2459 800 2501 nomen
834 2443 1073 2502 removendum
1106 2458 1178 2500 esse
1211 2455 1403 2516 persuasum

250 2545 301 2616 sit,
341 2559 452 2618 opusc.
478 2543 501 2600 I.
528 2561 557 2618 p.
584 2544 644 2601 279
677 2544 876 2620 perstringit,
910 2551 945 2601 ut
981 2560 1054 2601 eam
1079 2543 1200 2601 reiciat.
1244 2534 1321 2614 Sed,
1359 2540 1403 2597 in-

251 2645 329 2717 quit,
362 2659 421 2700 aec
454 2638 569 2702 attulit
602 2641 656 2715 (cc.
681 2638 871 2721 Zumptius)
899 2637 1087 2720 quicquam,
1122 2657 1186 2719 qao
1208 2636 1401 2711 ostenderet,

248 2738 447 2820 pronomine
469 2736 568 2817 „ille‘
589 2738 625 2801 ia
640 2738 713 2820 ipso
732 2738 914 2802 sententiae
929 2737 1025 2801 im’tio
1035 2736 1148 2820 posito
1164 2736 1209 2800 ad
1222 2755 1403 2817 percurram

250 2839 549 2902 demonstrandam
565 2838 649 2902 addi
663 2837 774 2920 ipsum
789 2858 909 2901 11111111
924 2858 1034 2920 posse,
1057 2837 1182 2900 medum
1204 2835 1312 2898 tribas
1333 2854 1402 2896 aer-

252 2938 301 3001 111
337 2938 543 3020 interpositis
578 2937 759 3002 sententiae
798 2938 1009 3020 interruptae
1044 2935 1204 3014 iuteriici,
1242 2943 1403 3017 tauquam

247 3046 407 3102 metueret
429 3045 553 3116 orator,
587 3058 627 3100 ae
644 3059 773 3121 parum
789 3038 969 3121 perspicue
992 3037 1161 3101 diruisset.
1190 3085 1196 3097 .
1224 3084 1231 3097 .
1261 3071 1297 3078 -
1326 3040 1398 3099 Hoc

248 3146 382 3218 quidem
412 3145 488 3202 inihi
519 3160 649 3218 quoque
683 3146 815 3203 videtur
844 3144 1098 3202 concedendum
1132 3159 1205 3200 esse
1239 3148 1403 3199 oratorem

248 3261 317 3302 non
338 3246 487 3315 veritum,
510 3261 551 3301 ne
573 3261 689 3319 parum
712 3247 884 3320 perspicue
908 3244 1054 3314 dixisset,
1084 3258 1206 3301 nornen
1229 3240 1403 3299 addidisse.

247 3343 314 3402 Sed
342 3346 406 3402 hoc
435 3360 510 3401 111111
539 3344 626 3415 fecit,
661 3346 695 3402 id
717 3345 770 3402 ille
798 3345 874 3421 egit,
904 3351 939 3401 ut
963 3343 1121 3402 orationis
1148 3343 1254 3400 forma
1279 3340 1402 3398 maiore

249 3460 324 3501 cum
347 3445 580 3518 perspicuitate
597 3452 666 3502 tum
681 3445 838 3503 facilitate
855 3452 949 3503 esset.
979 3443 1093 3517 Neque
1111 3445 1229 3501 desunt
1244 3440 1403 3515 exempla,

250 3545 367 3617 quibus
391 3545 460 3601 eius
476 3545 568 3602 modi
583 3545 752 3602 nominum
768 3545 943 3603 collocatio
961 3544 1204 3618 comprobetur.
1236 3541 1403 3616 Apparere

249 3645 338 3701 enim
362 3645 558 3702 crediderim
581 3661 703 3703 nomen
725 3645 902 3720 proprium,
935 3645 980 3702 ita
1012 3651 1047 3701 ut
1069 3642 1260 3701 Dolabellae
1283 3656 1404 3699 nomen

251 3744 457 3815 collocatum,
481 3747 590 3818 potius
614 3743 764 3803 Ciceroni
787 3762 885 3818 quam
907 3745 1077 3819 interpreti
1103 3744 1157 3800 vel
1179 3740 1405 3816 interpolatori

248 3844 365 3901 deberi
388 3861 430 3901 ex
454 3845 510 3916 eie,
544 3862 627 3918 quae
661 3852 736 3903 sunt
762 3846 862 3903 Acad.
889 3845 986 3919 prior.
1008 3843 1046 3900 ΙΙ.
1072 3845 1118 3900 14.
1141 3844 1190 3899 41.
1233 3834 1405 3917 Numqui

249 3938 354 4001 coiecit
375 3940 549 4002 silbueuire
573 3940 743 4003 erroribus
765 3938 939 4022 Epicurus
954 3938 1006 4015 iia,
1030 3938 1086 4020 qui
1102 3938 1259 4000 uideatur
1275 3942 1404 3999 coutur-

249 4039 328 4102 bare
351 4039 421 4101 ueri
443 4040 661 4123 aequitioaem
684 4089 690 4102 .
716 4091 723 4104 .
747 4089 753 4102 .
798 4045 862 4104 Ubi
889 4046 922 4102 in
945 4045 1078 4119 Epicuri
1101 4044 1235 4101 nomine
1257 4041 1403 4100 Halmius

248 4158 316 4204 non
338 4146 443 4203 haesit
459 4147 492 4203 in
508 4147 651 4204 editione
668 4145 839 4217 Orelliana,
862 4160 1059 4218 quamquam
1074 4146 1108 4201 in
1126 4145 1244 4201 eadem
1260 4143 1406 4200 editione

247 4243 415 4303 Jordanus
439 4244 492 4305 Cn.
514 4246 704 4304 Dolabellae
727 4262 848 4304 nomen
871 4262 913 4302 ne
935 4246 968 4302 in
991 4252 1084 4303 textu
1108 4244 1242 4318 quidem
1264 4242 1405 4300 retinuit
