3102 4934
615 348 821 405 ,21-

142 533 322 609 integritati
345 549 413 591 non
436 535 559 607 obstat;
588 551 664 593 nam
687 536 712 593 st
737 533 842 592 omnis
864 534 966 605 loeus,
989 549 1053 607 quo
1076 533 1153 592 talia
1174 534 1294 608 reperi·
1387 554 1389 559 ·

141 640 247 705 untur,
270 650 342 692 eam
365 635 408 692 ob
425 650 558 692 causam
575 635 771 710 depravatus
794 634 977 705 haberetur,
1000 642 1079 708 quot
1099 641 1210 692 essent
1230 634 1295 692 loci

141 734 289 791 remedio
313 743 457 811 egentes,
481 750 619 809 quorum
642 743 752 793 tamen
775 734 920 808 plurimis
953 734 1075 792 sanitas
1109 734 1226 791 deesse
1253 750 1295 791 ne

139 835 196 894 ulli
229 835 362 910 quidem
395 835 508 893 critico
543 835 649 893 adbuc
684 835 754 892 visa
788 842 844 892 est.
887 833 984 892 Velut
1018 831 1131 892 Cicero
1166 834 1296 909 scripsit

140 934 276 994 Vernl.
300 935 407 994 3281
545 937 583 992 ut
608 929 828 1013 perspicuum
850 929 894 992 sit
916 928 1076 1007 omnibus,
1111 928 1177 991 nisi
1199 935 1295 993 tauta

140 1029 306 1095 acerbitas
328 1029 484 1109 iniuriae,
513 1037 609 1094 tanta
631 1029 681 1093 nis
702 1028 837 1093 sceleris
854 1028 986 1111 fuisset,
1014 1035 1051 1091 ut
1075 1027 1296 1112 Lampsaceni

139 1130 352 1193 moriendum
374 1129 437 1194 sibi
453 1129 570 1213 potius
592 1150 694 1212 quant
709 1129 968 1214 perpetiendum
995 1135 1169 1212 putarent,
1202 1149 1297 1191 nuna-

140 1251 243 1313 quam
265 1230 342 1294 iilos
363 1230 399 1293 in
422 1250 496 1292 ertrn
520 1230 628 1294 locunt
655 1250 897 1315 propressuros
926 1228 1044 1312 fuisse,
1077 1236 1114 1292 ut
1137 1277 1143 1291 .
1168 1278 1205 1292 ..
1239 1234 1296 1293 nbi

141 1337 242 1395 scribi
264 1345 394 1411 poterat
415 1338 452 1395 ut
468 1330 689 1415 perspicuum
710 1331 754 1395 sit
776 1330 927 1396 omnibus
949 1328 1205 1412 Lampsacenos,
1228 1328 1295 1392 nisi

142 1482 148 1495 .
177 1481 183 1494 .
213 1482 219 1493 .
250 1431 382 1513 fuisset,
415 1439 452 1496 ut
483 1481 489 1494 .
519 1481 525 1494 .
555 1481 561 1495 .
588 1438 763 1516 putarent,
796 1452 980 1514 numquam
1012 1430 1048 1494 in
1082 1452 1157 1494 euna
1185 1429 1294 1493 lacurn

137 1551 378 1615 propressuros
406 1532 529 1614 fuisse,
562 1539 600 1596 ut
633 1582 639 1594 .
668 1582 675 1595 .
705 1582 711 1596 .
766 1538 806 1596 Et
840 1538 930 1596 Verr.
958 1536 1011 1595 Ill.
1046 1538 1093 1595 27.
1123 1537 1175 1607 67,
1208 1529 1294 1593 Eius

140 1632 219 1714 apri
240 1633 397 1697 decernas
420 1653 495 1695 eunt
517 1632 647 1696 emisset
674 1632 763 1696 idern
785 1630 966 1715 Apronius,
1000 1630 1166 1716 Apyriurn
1193 1631 1289 1694 uenit.

139 1738 225 1796 Nam
257 1739 320 1797 hoe
354 1753 485 1812 quoqne
518 1739 593 1797 loco
620 1739 654 1796 in
686 1739 811 1814 protasi
844 1755 916 1796 esse
949 1739 1146 1797 collocatum
1173 1738 1288 1796 utrius·

140 1854 204 1912 que
238 1840 420 1897 sententiae
455 1840 637 1897 subiectum
670 1839 878 1897 statuendum
910 1839 1047 1910 videtur,
1080 1838 1177 1911 quod,
1210 1853 1292 1912 quae

140 1938 275 2012 quidem
298 1955 351 1997 res
375 1956 418 1998 ex
445 1942 681 1997 sententiarum
709 1939 955 1997 continuatione
988 1938 1193 2013 perspicitur,
1225 1954 1293 1996 non

139 2037 228 2096 idem
250 2040 390 2111 venisse,
415 2040 474 2097 sed
497 2040 615 2097 emisse
638 2040 726 2098 idem
750 2040 876 2097 dicitur.
919 2038 1033 2113 Neque
1057 2039 1127 2096 aliis
1155 2039 1291 2112 scripto-

138 2139 230 2196 ribus
253 2140 334 2197 haec
356 2141 535 2198 verborum
558 2140 760 2198 constructio
788 2139 960 2214 displicuit.
1004 2136 1125 2197 Caesar
1151 2138 1292 2212 quidem,

137 2246 174 2296 nt
195 2254 302 2313 pauca
323 2239 465 2311 afferam,
488 2240 561 2298 bell.
584 2237 662 2299 Gall.
678 2238 700 2297 I.
716 2239 764 2297 50.
780 2241 807 2298 4.
831 2240 974 2315 scripsit:
1012 2229 1096 2296 Curn
1123 2254 1165 2296 en
1188 2231 1291 2315 capti·

138 2332 189 2396 cis
211 2341 386 2415 quaereret
411 2331 545 2413 Caesar,
579 2355 680 2417 quarn
708 2335 839 2398 obrem
862 2332 1053 2398 Ariouistus
1069 2333 1201 2417 proelio
1224 2354 1292 2396 non

140 2434 337 2511 decertaret,
359 2434 445 2499 hanc
467 2434 654 2519 reperiebat
675 2455 823 2500 causant.

239 2571 330 2630 Haec
368 2587 499 2647 quoque
536 2573 599 2631 hue
635 2573 807 2648 pertinent,
845 2589 927 2647 quae
964 2573 1087 2631 ibidem
1124 2571 1290 2648 leguntur:

137 2672 189 2731 IV.
214 2672 261 2730 19.
283 2674 311 2744 4,
344 2671 396 2730 IV.
419 2673 466 2730 25.
491 2675 517 2745 1,
550 2672 587 2731 V.
611 2673 659 2731 23.
682 2676 709 2745 5,
743 2672 797 2730 III.
820 2672 867 2731 23.
892 2673 917 2744 7,
945 2671 1083 2744 11.1.1,
1117 2671 1169 2731 IV.
1192 2673 1240 2730 22.
1266 2674 1291 2745 l,

137 2774 208 2832 alia.
224 2801 264 2809 —
280 2772 320 2831 Et
336 2776 423 2848 apud
438 2771 623 2833 Sallustium
639 2775 796 2849 scriptum
810 2774 960 2832 videmus
975 2773 1048 2831 bell.
1072 2771 1137 2831 Cat.
1155 2790 1180 2831 c.
1199 2774 1246 2833 29.
1266 2776 1291 2832 1.

138 2867 193 2932 Ea
216 2888 291 2930 cum
310 2864 461 2931 Ciceroni
483 2869 732 2948 nuntiarentur,
757 2867 898 2950 ancipiti
917 2867 1007 2932 rnaio
1020 2876 1205 2951 permotus,
1229 2917 1236 2933 .
1257 2917 1288 2932 ..

138 2988 208 3031 rent
233 2968 278 3030 ad
301 2974 455 3031 senatum
476 2970 590 3051 refert.

241 3104 332 3180 Quae
355 3123 429 3165 curn
452 3107 497 3165 ita
523 3107 595 3178 sint,
628 3122 695 3164 non
724 3123 797 3164 esse
820 3114 909 3181 pute,
942 3122 1001 3164 cur
1022 3105 1077 3165 On.
1100 3106 1290 3164 Dolabellae

139 3223 263 3266 nomen
310 3207 568 3266 additamentum
605 3224 624 3265 a
667 3208 779 3265 nescio
826 3223 890 3280 quo
936 3207 1136 3282 adscriptum
1178 3208 1291 3265 haberi

139 3313 298 3382 oporteat,
311 3307 370 3365 sed
392 3308 425 3364 in
438 3307 517 3365 illud
533 3307 665 3366 dicendi
680 3324 784 3384 genus
801 3323 920 3365 nomen
934 3308 1103 3380 quadrare,
1116 3324 1180 3381 quo
1197 3305 1287 3366 Cice·

137 3423 254 3465 ronem
270 3423 429 3482 persaepe
452 3424 547 3466 usum
569 3424 641 3465 esse
664 3409 761 3483 paulo
785 3408 969 3466 accuratius
991 3407 1169 3483 explanare
1192 3414 1289 3481 atque

139 3506 299 3581 exemplis
323 3507 518 3565 confirmare
540 3508 644 3566 liceat.

238 3640 343 3713 Atque
380 3640 521 3714 primum
558 3640 689 3713 quidem
734 3642 798 3698 hoc
841 3640 1019 3698 verborum
1063 3641 1290 3698 collocationis

137 3756 251 3817 genus,
274 3755 339 3813 quo
363 3754 484 3797 nomen
507 3741 676 3814 proprium
698 3742 741 3799 ad
767 3756 951 3816 pronomen
979 3740 1147 3814 quoddam
1173 3740 1226 3797 vcl
1248 3740 1291 3797 ad

136 3856 260 3898 nomen
282 3840 516 3914 appellativum
539 3841 711 3898 seiunctim
734 3841 872 3911 additur,
905 3857 972 3898 non
999 3840 1087 3899 idern
1115 3847 1164 3897 est
1192 3847 1289 3911 atque

136 3940 224 4011 illud,
240 3940 449 4013 hyperbaton
470 3941 559 4012 quod
578 3947 700 3998 vocant
720 3941 933 4015 grammatici,
950 3941 1112 4013 quodque,
1135 3948 1170 3997 ut
1185 3956 1289 4015 pauca
1395 3946 1398 3953 ’

137 4040 279 4109 afferam,
312 4039 478 4097 invenitur
510 4040 551 4097 de
585 4041 659 4113 imp.
687 4038 742 4097 On.
770 4039 881 4114 Pomp.
904 4038 931 4096 3.
955 4040 982 4097 8.
1019 4032 1156 4096 Etenim
1179 4033 1288 4097 adhuc

137 4133 185 4197 ita
207 4134 315 4198 nostri
337 4154 412 4197 cuna
434 4133 493 4198 itio
514 4154 591 4217 repe
606 4135 847 4198 contenderunt
861 4133 1081 4217 imperatores
1097 4132 1238 4211 (nostri.
1256 4181 1261 4194 .
1280 4182 1287 4193 .

137 4232 379 4317 imperatores).
