3102 4934
151 541 325 600 Muellerus
348 542 479 618 Epicuri
513 559 644 616 quoque
676 559 798 602 nomen
831 543 956 601 inducit
988 544 1040 601 ille
1074 546 1215 618 quidem,
1249 546 1308 605 sed

152 641 304 701 Ciceroni
336 644 471 702 nomina
502 644 636 718 propria
668 645 845 705 attribuere
879 660 946 702 nen
980 645 1106 703 dubitat
1132 646 1181 703 his
1210 646 1311 704 locis:

151 741 243 801 Verr.
265 741 319 801 ΠΙ.
342 742 389 802 35.
413 744 461 803 81.
513 739 606 803 Uuus
639 738 749 803 adbuc
780 739 850 821 fuit
870 745 950 821 pest
972 739 1116 803 Remum
1139 740 1308 803 conditum

153 837 202 913 (di
216 837 424 902 immortales
442 838 571 921 suetus,
595 860 635 902 ue
650 838 693 903 sit
708 838 817 919 ulter),
841 839 895 902 cui
916 859 970 903 res
986 829 1126 922 publicu
1148 847 1252 904 tetum
1274 862 1309 904 se

152 939 303 1002 truderet
335 939 538 1022 temporibus
571 947 602 1003 et
633 938 734 1003 melis
761 946 876 1004 coactu
905 940 1101 1020 deusesticis,
1136 939 1173 1004 L.
1197 940 1306 1005 Sulla.

152 1059 213 1119 pro
236 1042 268 1101 O.
283 1044 415 1103 Rabirio
439 1045 466 1104 3.
489 1046 509 1104 8
531 1090 537 1102 .
556 1089 562 1102 .
580 1091 586 1103 .
604 1061 668 1123 que
689 1040 726 1102 iu
749 1040 888 1104 crimine
903 1039 1119 1123 propinquus
1137 1038 1170 1105 0.
1187 1041 1311 1106 Rabiri

152 1138 278 1202 iudicio
294 1140 492 1217 clarissime,
511 1138 545 1204 O.
563 1137 710 1221 Curtius,
720 1161 788 1223 pre
804 1141 926 1203 virtute
941 1161 1005 1204 sue
1020 1148 1068 1204 eet
1082 1140 1309 1205 honestissime

153 1238 325 1319 liberatus,
347 1261 408 1322 pro
431 1246 552 1306 Muren.
568 1247 616 1305 21.
639 1247 679 1306 43
704 1241 888 1306 ...dicem
910 1241 979 1305 ium
1002 1241 1163 1325 apertius,
1186 1243 1223 1305 ia
1245 1263 1308 1325 que

154 1360 247 1403 meus
270 1341 477 1405 necessarius
496 1341 605 1423 fuerit
626 1342 779 1425 inferior,
803 1341 950 1420 Seruius,
974 1349 1005 1406 et
1027 1342 1197 1407 ecdicum
1219 1344 1310 1407 cobis

155 1441 386 1506 audientibus.
405 1492 411 1502 .
430 1492 435 1504 .
460 1452 508 1507 Ac
523 1465 565 1506 ne
580 1449 653 1507 talis
669 1450 802 1523 quidem
817 1450 909 1507 locus
924 1457 1061 1524 propter
1076 1447 1110 1522 Q.
1125 1450 1310 1507 Tuberonis

153 1548 297 1606 nominis
330 1549 585 1608 collocationem
617 1550 839 1625 suspicionem
871 1550 993 1622 movit,
1027 1550 1132 1624 qualis
1165 1558 1216 1608 est
1249 1565 1308 1625 pro

153 1647 359 1724 Ligarii.
402 1644 536 1707 Nouum
559 1645 694 1724 cumea,
731 1641 764 1709 0.
791 1641 927 1725 Caesar,
960 1651 991 1708 et
1013 1652 1090 1707 oute
1111 1644 1199 1708 bunc
1221 1646 1309 1708 ditm

153 1764 221 1806 ueu
254 1744 409 1808 studitum
436 1745 651 1828 prepiuquus
683 1765 777 1808 meus
797 1747 847 1809 ud
869 1752 908 1825 te,
944 1742 979 1818 Q.
1008 1745 1146 1824 Tubero,
1180 1745 1308 1809 detulit.

155 1865 221 1923 quo
243 1850 318 1908 loco
341 1867 416 1909 cum
437 1852 542 1909 verba
566 1852 606 1925 te,
637 1842 673 1918 Q.
702 1845 840 1924 Tubero,
874 1852 1107 1928 coniungenda
1138 1867 1206 1909 non
1239 1853 1313 1934 sint,

155 1951 332 2024 praecipue
355 1951 408 2009 hic
429 1953 607 2009 verborum
631 1953 714 2010 ordo
739 1958 951 2026 exspectatur
971 1946 1186 2028 propinquus
1207 1968 1309 2021 meres,

157 2043 193 2117 Q.
222 2045 362 2125 Tubero,
385 2046 431 2110 ed
453 2053 483 2109 te
505 2045 632 2110 detulit.

257 2151 322 2211 Sed
344 2152 510 2210 mittamus
532 2153 597 2212 boc
618 2154 694 2211 loco
711 2154 804 2227 plura
820 2152 944 2224 afferre,
967 2170 1008 2210 ne
1030 2154 1162 2229 longius
1178 2154 1312 2212 aberret

158 2252 343 2327 disputatio,
376 2253 475 2310 talem
508 2254 594 2311 enim
627 2254 798 2311 nominum
833 2253 1085 2311 collocationem
1107 2253 1193 2312 infra
1214 2270 1309 2313 accu-

157 2353 258 2411 ratius
291 2353 469 2428 explanare
503 2354 703 2412 conabimur.
747 2353 842 2412 Nunc
878 2352 932 2411 On.
965 2353 1155 2411 Dolabellae
1188 2368 1310 2411 nomeu

157 2467 236 2511 num
255 2452 473 2525 reiciendum
515 2460 614 2525 esset,
656 2454 719 2512 nisi
756 2470 775 2511 a
811 2454 1007 2529 pronomine
1042 2448 1099 2511 ille
1137 2461 1225 2513 esset
1261 2470 1310 2511 se·

158 2554 312 2624 iunctum,
338 2553 416 2611 mihi
438 2554 569 2611 videtur
591 2554 824 2627 inquirendum
846 2570 928 2612 esse.
970 2554 1153 2631 Madvigius
1176 2571 1218 2613 ne
1241 2564 1310 2615 tum

159 2653 291 2726 quidem
331 2660 520 2727 suspectum
556 2670 679 2712 nomen
716 2655 849 2712 retineri
886 2670 985 2729 posse
1023 2661 1148 2726 censet,
1191 2662 1227 2713 ut
1267 2671 1311 2713 cx

159 2753 229 2810 eius
256 2754 366 2810 verbis
400 2770 499 2828 supra
527 2754 632 2812 allatis
656 2761 799 2829 apparet.
842 2753 894 2811 Ad
917 2771 1014 2827 quam
1037 2758 1231 2813 sententiam
1255 2756 1312 2812 de-

160 2853 351 2911 bilitandam
384 2870 580 2927 ‹tuamquam
613 2855 692 2912 mihi
714 2870 783 2913 non
816 2862 866 2913 est
894 2855 1104 2930 inpromptu
1127 2855 1196 2913 eius
1219 2855 1309 2915 modi

160 2955 361 3029 exemplum,
405 2955 495 3027 quod
532 2956 622 3013 omni
660 2973 703 3013 ex
739 2964 832 3031 parte
872 2957 939 3013 vim
979 2956 1099 3013 habeat
1138 2972 1311 3031 argumen-

159 3055 251 3113 tandi
287 3071 394 3128 neque
433 3069 498 3127 quo
542 3071 607 3112 uno
647 3056 816 3114 inductum
853 3072 974 3114 nomen
1014 3057 1108 3114 uncis
1145 3056 1309 3126 liberetur,

158 3163 267 3213 tamen
303 3155 471 3229 complura
504 3157 656 3230 exempla
688 3157 829 3230 preferri
863 3163 1015 3231 pessunt,
1049 3173 1066 3213 e
1099 3156 1216 3229 quibus
1249 3170 1308 3231 pro

159 3271 219 3313 sua
241 3257 394 3328 quodque
417 3263 509 3329 parte
542 3256 585 3312 ad
617 3272 690 3313 eam
712 3273 790 3328 rem,
825 3257 865 3314 de
900 3272 964 3329 qua
997 3263 1046 3313 est
1076 3256 1312 3326 controversia,

159 3353 402 3412 diiudicandum
435 3355 544 3429 aliquo
571 3357 671 3413 modo
701 3357 866 3430 pertinere
894 3364 981 3431 pute.
1015 3385 1055 3392 —
1089 3356 1137 3413 Ac
1169 3356 1309 3430 primum

159 3455 291 3528 quidem
313 3456 426 3513 nescio
461 3471 502 3512 an
530 3456 559 3512 ei
582 3456 630 3513 rei
651 3472 719 3514 non
746 3464 872 3515 tantum
894 3456 1104 3513 tribuendum
1138 3456 1186 3526 sit,
1220 3455 1310 3528 quod

158 3556 202 3613 ad
234 3548 291 3610 iile
317 3555 448 3612 additur
475 3570 605 3626 nomen,
640 3573 836 3630 quamquam
869 3557 933 3614 hoc
955 3571 1138 3631 pronomen
1172 3556 1205 3613 in
1237 3556 1311 3628 ipse

158 3655 340 3711 sententiae
366 3655 458 3712 initio
487 3656 628 3730 positum
658 3664 715 3714 est.
759 3654 852 3728 Quid,
886 3656 1045 3730 particula
1071 3671 1145 3712 cum
1169 3657 1196 3712 si
1218 3654 1311 3712 initio

159 3762 247 3813 esset
284 3755 452 3827 collocata,
487 3772 602 3813 eamne
637 3757 678 3812 ob
713 3772 782 3813 rem
817 3757 924 3814 minus
958 3756 1089 3813 afferret
1119 3754 1310 3813 offensionis

157 3857 252 3914 locus
276 3854 312 3927 ei,
336 3856 389 3928 qui
411 3871 533 3913 nemen
556 3856 735 3913 tollendum
765 3873 838 3913 esse
862 3855 995 3914 censet?
1037 3856 1119 3912 Nam
1143 3869 1217 3912 curre
1239 3868 1310 3927 par-

158 3955 291 4014 ticulam
313 3955 358 4012 ita
379 3964 414 4013 ut
436 3956 488 4013 hic
511 3958 690 4013 sescenties
714 3957 908 4013 collocatam
932 3973 1004 4013 esse
1038 3971 1134 4013 nemo
1166 3953 1309 4029 negabit.

158 4055 272 4127 Itaque
307 4070 365 4127 pro
393 4055 503 4113 multis
526 4056 686 4131 exemplis
709 4071 874 4130 perpauca
897 4056 1012 4112 afferre
1036 4056 1113 4112 satis
1137 4070 1209 4111 esse
1232 4053 1310 4110 mibi

157 4156 302 4213 videtur:

260 4255 311 4311 Ad
326 4256 400 4312 fam.
415 4254 501 4314 XHI.
517 4257 565 4314 26.
590 4259 615 4314 1.
647 4252 688 4314 Iel
711 4271 785 4313 cum
807 4249 877 4333 ium
898 4249 946 4313 ite
969 4248 1140 4312 iudicabat
1155 4255 1226 4310 tum
1242 4267 1311 4329 pre
