3102 4934
777 355 963 410 „4-

292 540 358 599 loci
381 539 562 598 sententiae
582 539 749 615 aptissime
764 539 951 614 respondet
974 539 1137 611 siquidem
1153 554 1221 597 non
1237 541 1279 598 ad
1294 538 1444 615 Aegisthi

293 656 415 698 nomen
449 639 563 710 solum,
596 640 655 697 sed
688 639 730 696 ad
763 639 944 696 sententiae
967 654 1128 697 summam
1151 638 1303 711 refertur;
1335 655 1443 712 neque

293 742 381 798 enim
403 744 552 799 sororem
576 739 674 796 docet
695 738 832 810 Electra,
866 738 937 811 quis
960 746 1087 814 patrem
1120 739 1253 809 necarit,
1286 738 1320 796 id
1353 740 1445 812 quod

293 841 380 898 haud
417 840 514 898 dubie
551 839 774 898 necessarium
808 854 876 897 non
913 846 994 911 erat,
1031 839 1091 897 sed
1128 840 1169 898 de
1206 839 1344 897 consilio
1382 854 1443 898 suo

291 940 441 1017 Aegisthi
456 938 673 998 interficiendi
688 954 755 998 non
776 939 841 997 iam
863 940 970 998 celare
994 954 1144 998 sororem
1167 956 1202 997 se
1218 939 1339 997 debere
1356 938 1443 1011 dicit,

291 1057 367 1098 nam
389 1040 488 1098 fratre
510 1046 639 1098 mortuo
663 1039 786 1097 nullum
808 1055 843 1097 se
866 1039 987 1097 habere
1010 1039 1193 1098 adiutorem
1215 1040 1279 1098 nisi
1300 1040 1400 1098 illam:

442 1154 501 1222 νῦν
522 1155 553 1221 δ’
576 1153 657 1241 ἡνίκ’
682 1153 779 1222 οὐκέτ’
804 1156 904 1234 ἔστιν,
926 1160 971 1232 εἰς
991 1159 1027 1220 σὲ
1049 1154 1085 1240 δὴ
1108 1156 1228 1238 βλέπω.

391 1297 438 1356 De
461 1297 594 1355 nomine
616 1297 698 1373 ips0‚
721 1313 764 1354 ex
786 1311 850 1369 quo
873 1298 982 1372 posito
1006 1304 1078 1356 orta
1101 1304 1151 1356 est
1166 1298 1316 1373 suspicio,
1339 1298 1442 1372 prius·

292 1414 389 1470 quam
421 1397 612 1468 iudicemus,
644 1411 712 1454 non
745 1397 886 1455 alienum
919 1404 969 1455 est
1003 1414 1077 1456 cum
1111 1398 1161 1455 his
1187 1398 1337 1456 versibus
1359 1399 1442 1456 alios
1533 1382 1534 1423 λ

292 1513 490 1573 comparare,
513 1497 576 1570 qui,
600 1512 673 1555 cum
695 1497 744 1553 his
772 1496 813 1554 de
840 1497 956 1569 quibus
983 1498 1091 1574 agitur
1118 1488 1271 1555 simillimi
1303 1498 1375 1568 sint,
1409 1505 1443 1556 et

290 1599 353 1674 ipsi
375 1598 495 1656 criticis
517 1598 551 1654 in
574 1597 796 1671 suspicionem
817 1605 978 1655 venerunt
1001 1596 1054 1667 (cf.
1071 1612 1181 1672 progr.
1196 1597 1301 1654 Berol.
1324 1595 1440 1666 selas).

290 1697 456 1774 Leguntur
477 1707 585 1755 autem
607 1697 653 1753 illi
674 1712 789 1754 versus
811 1698 845 1755 in
859 1697 1044 1773 Antigonae
1064 1697 1182 1769 fabula,
1204 1697 1259 1756 ubi
1275 1696 1443 1773 Antigona

291 1799 398 1856 sorori
418 1798 635 1874 interroganti
658 1794 700 1867 (v.
723 1794 775 1865 44)

439 1904 538 1992 ἡγὰρ
559 1917 642 1982 νοεῖς
663 1905 809 1972 θάπτειν
831 1905 900 1994 σφ’,
921 1906 1109 1993 ἀπόρρητον
1131 1905 1228 1973 πόλει
1233 1938 1245 1988 ,·

288 2041 369 2098 haec
391 2040 494 2098 verba
516 2038 708 2115 respondet:

437 2168 477 2224 45
510 2157 571 2224 τόν
591 2155 671 2239 γοῦν
692 2156 773 2241 ἐμόν
793 2162 847 2223 καὶ
868 2156 929 2225 τόν
951 2158 1022 2234 σόν,
1044 2156 1083 2242 ἢν
1105 2156 1145 2225 σύ
1166 2156 1209 2243 μὴ
1233 2159 1330 2249 θέλῃς

437 2266 477 2323 46
510 2255 667 2343 ἀδελφόν·
690 2256 728 2324 οὐ
750 2256 810 2342 γὰρ
831 2257 869 2343 δὴ
890 2256 1046 2346 προδοῦσ’
1069 2256 1252 2341 ἁλώσομαι.

387 2397 425 2456 In
448 2398 559 2456 verbis
581 2398 668 2456 enim
690 2398 738 2456 sic
771 2398 931 2457 distinctis
963 2399 1072 2457 inesse
1108 2406 1252 2475 apparet,
1285 2413 1349 2471 quo
1384 2399 1439 2471 qui

287 2505 410 2557 attente
428 2514 471 2557 ea
490 2498 570 2574 legit
592 2498 784 2557 offendatur.
820 2496 910 2572 Quae
934 2499 1071 2558 offensio
1088 2506 1124 2557 ut
1139 2499 1315 2569 tolleretur,
1335 2499 1438 2556 critici

286 2600 430 2675 priorem
463 2615 595 2656 versum
627 2605 804 2671 mutarunt,
836 2600 974 2658 alterum
999 2598 1180 2658 tollendum
1207 2598 1438 2675 significarunt

287 2700 394 2772 Atque
417 2698 493 2771 quia
514 2706 649 2774 propter
670 2700 862 2774 particulam
882 2690 961 2773 γοῦν
988 2698 1110 2772 aliquid
1143 2714 1226 2774 opus
1260 2705 1315 2769 est,
1349 2697 1439 2771 quod

287 2799 474 2875 pronomini
496 2788 578 2873 ἐμόν
600 2805 791 2874 opponatur,
813 2799 1000 2858 Dindorfius
1015 2815 1075 2875 pro
1099 2789 1160 2857 τόν
1181 2789 1261 2872 γοῦν
1282 2788 1364 2872 ἐμόν
1384 2795 1438 2854 καὶ

287 2890 347 2958 τόν
369 2890 431 2956 σὸν
451 2891 518 2955 κτλ.
553 2898 694 2974 scripsit:
727 2889 788 2957 τόν
812 2889 890 2972 γοῦν
915 2890 996 2975 ἐμὸν
1017 2889 1073 2958 κού
1097 2889 1158 2957 τὸν
1179 2889 1242 2956 σὸν
1262 2891 1327 2955 κτλ.
1371 2897 1436 2957 Sed

290 3014 485 3072 quamquam
517 2998 643 3056 litterae
675 3014 742 3056 non
775 3006 841 3057 tam
874 3000 1019 3077 graviter
1044 3006 1186 3058 mutatae
1209 3007 1291 3070 sunt,
1323 3015 1439 3075 parum

288 3097 526 3173 probabilitatis
558 3114 636 3173 prae
670 3113 705 3155 se
737 3098 801 3157 fert
836 3101 917 3158 haec
950 3100 1147 3158 emendatio
1204 3098 1287 3156 Nam
1319 3099 1437 3157 verba:

290 3213 418 3274 „meum
439 3214 546 3270 neque
569 3206 659 3256 tuum
683 3199 837 3273 sepeliam
859 3200 1001 3272 fratrem,
1023 3201 1085 3258 nisi
1115 3200 1259 3259 volueris
1283 3197 1339 3269 (sc.
1364 3215 1438 3257 eum

288 3294 439 3373 sepelire)
445 3287 459 3318 “
474 3314 587 3374 parem
599 3299 794 3357 sententiam
805 3299 963 3358 haberent
974 3306 1071 3372 atque
1083 3301 1180 3358 haec:
1199 3305 1259 3375 „tu
1271 3300 1334 3357 nisi
1347 3314 1437 3374 sepe·

287 3399 346 3456 lire
369 3414 444 3456 eum
465 3399 619 3471 volueris,
640 3398 749 3457 fratris
764 3400 928 3474 particeps
943 3415 1010 3459 non
1025 3401 1090 3458 iam
1108 3390 1204 3473 eris;“
1229 3415 1312 3473 quae
1328 3407 1438 3457 tamen

286 3499 336 3555 vis
370 3498 403 3554 in
435 3499 520 3558 hanc
553 3499 787 3558 sententiarum
808 3500 969 3558 rationem
990 3515 1057 3558 non
1082 3499 1264 3573 quadraret.
1306 3497 1437 3557 Rectius

286 3597 453 3656 Nauckius
481 3598 521 3656 de
544 3599 607 3656 hoc
629 3614 729 3656 versu
749 3597 880 3671 iudicat,
903 3616 976 3658 cnm
998 3600 1083 3658 hanc
1107 3599 1285 3658 verborum
1308 3598 1438 3655 coufor-

286 3698 464 3756 mationem
486 3700 656 3774 proponit:

363 3866 365 3871 ,
437 3808 535 3888 ἔγωγε
556 3805 617 3873 τὸν
638 3807 729 3893 ἐμόν,
750 3807 812 3875 τόν
833 3807 895 3875 σὸν
917 3807 955 3894 ἢν
976 3807 1016 3875 σύ
1036 3807 1081 3892 μὴ
1105 3808 1213 3898 θέλῃς.

288 3939 365 4017 (ego
390 3940 521 4014 quidem
538 3986 543 3999 .
559 3987 566 3998 .
582 3985 610 3999 ..
632 3942 696 3999 nisi
717 3939 778 4015 tu);
801 3958 864 4015 qua
885 3944 1063 4000 verborum
1086 3941 1295 3999 distinctione
1317 3954 1438 4014 prono·

286 4042 374 4099 mina
395 4032 477 4115 ἐμόν
499 4049 531 4099 et
557 4031 619 4100 σόν
642 4041 878 4118 disiunguntur.
920 4042 963 4100 At
988 4050 1098 4100 tamen
1131 4040 1210 4114 quid
1230 4039 1310 4097 illud
1341 4031 1440 4112 ἔγωγε

288 4158 369 4217 opus
393 4148 451 4214 est,
474 4158 548 4201 cum
571 4159 614 4200 ex
635 4132 714 4215 γοῦν
735 4143 894 4216 particula
908 4142 1105 4217 pronomina
1127 4131 1209 4217 ἐμόν
1225 4147 1256 4197 et
1271 4130 1331 4197 σόν
1352 4139 1439 4198 inter

287 4260 322 4301 se
347 4244 498 4319 opposita
521 4258 594 4301 esse
617 4242 695 4300 satis
718 4243 890 4317 colligatur
911 4249 1008 4315 atque
1036 4242 1165 4300 abiecta
1190 4239 1243 4298 καί
1269 4239 1437 4315 particula,
