3102 4934
653 392 856 450 ..23-

178 576 326 648 pondere
354 575 557 649 explanatur,
590 576 694 649 qualis
716 577 815 634 homo
850 576 891 633 sit
923 590 1007 646 reus,
1041 591 1106 650 quo
1140 576 1328 634 damnando

177 682 368 733 senatorum
405 676 488 733 ordo
524 675 682 734 invidiam
725 691 817 734 suam
860 672 1120 749 iudiciorumque
1162 676 1330 735 infamiam

177 775 296 834 sedare
313 780 411 849 atque
428 774 598 834 debilitare
625 776 736 850 possit.
753 800 791 816 -
814 775 877 834 Pro
894 773 1016 834 Clueut.
1039 782 1148 834 autem
1172 775 1232 847 (63.
1256 774 1328 844 116)

176 876 245 934 diei
269 881 411 950 poterat:
449 869 577 944 Sassia,
610 870 748 954 nefaria
775 870 907 948 mulier,
940 869 1055 933 moliri
1083 872 1195 934 0101101
1224 873 1329 954 eoepit

176 970 322 1035 insidias
356 974 486 1047 (Sassia,
513 977 567 1035 ein
593 977 762 1035 ruehloses
783 974 886 1051 Weib,
915 976 1051 1053 beginnt
1073 993 1102 1035 u.
1125 993 1149 1034 s.
1171 974 1236 1050 w.);
1270 979 1329 1037 sed

176 1077 229 1134 vis
252 1076 390 1135 causalia
413 1076 631 1135 collocatione
654 1078 695 1135 ab
711 1084 845 1135 auctore
861 1076 1006 1135 adhibita
1020 1084 1167 1153 augetur,
1190 1077 1224 1135 id
1239 1078 1329 1151 quod

176 1183 293 1235 nostro
316 1182 469 1236 sermone
491 1177 631 1236 fortasse
659 1178 706 1235 sic
733 1177 872 1251 exprimi
899 1184 1022 1251 potest:
1055 1177 1223 1249 natdrlieh‚
1256 1178 1329 1235 weil

176 1277 225 1336 sie
248 1278 302 1335 ein
315 1277 594 1336 ruohlosesWeib
613 1278 719 1336 ist-
741 1278 782 1336 Et
797 1277 870 1348 loci,
893 1277 948 1350 qui
969 1284 1020 1335 est
1035 1276 1125 1335 Verr.
1140 1276 1178 1334 ΙΙ.
1194 1276 1243 1335 46.
1260 1279 1328 1347 111,

176 1378 341 1436 sententia
364 1378 509 1452 pluribus
531 1379 643 1436 verbis
665 1378 714 1436 sie
741 1378 930 1452 exponitur:
964 1422 970 1435 .
993 1422 999 1435 .
1022 1422 1028 1434 .
1051 1378 1107 1451 qui
1134 1379 1192 1436 abs
1220 1385 1251 1436 te
1280 1384 1329 1435 001

177 1478 426 1550 condemnatus,
459 1495 664 1552 quamquam,
687 1479 721 1536 id
743 1478 833 1552 quod
855 1478 1069 1552 praetermitti
1091 1479 1260 1549 noluerim,
1294 1486 1330 1536 tu

176 1576 307 1637 Siciliae
323 1594 395 1637 eres
411 1586 628 1653 patronus-
642 1578 792 1651 Denique
807 1579 856 1636 hie
871 1578 982 1635 verbis
998 1594 1016 1636 e
1032 1575 1184 1636 Cornelio
1200 1578 1328 1653 Nepote

177 1679 288 1753 petitis
312 1679 554 1737 demonstratur
575 1694 643 1737 non
664 1679 699 1737 in
721 1679 850 1753 scriptis
864 1677 1018 1736 Tullianis
1042 1679 1121 1736 solis
1143 1678 1241 1737 talem
1256 1696 1328 1736 ver·

177 1780 297 1837 borum
320 1778 470 1837 ordinem
491 1779 643 1838 inveniri:
675 1778 834 1852 Thrasyb.
857 1778 884 1836 3.
909 1779 923 1835 1
958 1772 1030 1836 Hae
1053 1772 1176 1837 deiecto
1198 1773 1328 1837 Pausa-

176 1873 254 1937 nias
277 1873 365 1936 cepit
387 1872 508 1937 Atticis
530 1872 672 1953 astuitia,
694 1893 757 1958 rea·
780 1872 1132 1937 Lacedaemoniorum.

278 1979 392 2054 Neque
414 1981 521 2038 minus
544 1979 608 2038 late
631 1986 743 2053 patent
765 1979 899 2037 nomina
921 1979 1061 2054 propria,
1084 1994 1168 2052 quae
1190 1995 1210 2036 a
1224 1979 1327 2036 nomi-

175 2079 274 2137 nibus
306 2079 511 2154 appellativis
543 2080 597 2138 vel
632 2079 882 2154 pronominibus
919 2079 1066 2137 seiuncta
1101 2085 1183 2136 sunt.
1237 2076 1326 2151 Quae

177 2179 339 2238 seiunctio
366 2181 558 2254 plerumque
593 2196 632 2237 eo
666 2180 708 2245 iit,
743 2181 833 2252 quod
860 2179 1028 2237 enuntiata
1060 2178 1198 2237 relativa
1230 2179 1326 2237 inter-

176 2285 351 2354 ponuntur,
374 2280 469 2338 sieut:

277 2379 367 2438 Verr.
389 2379 411 2438 I.
435 2380 483 2438 50.
508 2380 567 2438 130
600 2394 703 2456 neque
726 2374 751 2437 ii
771 2381 958 2456 praetores,
992 2373 1110 2456 quibus
1137 2379 1327 2454 01010000-

176 2473 262 2537 tium
295 2474 422 2554 datum,
459 2471 493 2538 C.
521 2473 686 2538 Sacerdos
720 2481 750 2537 et
782 2474 827 2536 M.
859 2470 1005 2538 Caesius.
1049 2478 1127 2537 ibid.
1155 2477 1193 2536 H.
1219 2479 1265 2536 14.
1288 2479 1327 2536 311

180 2574 311 2637 Deinde
343 2595 366 2639 a
397 2575 597 2657 quibusdam
630 2573 859 2658 Syracusanis
891 2574 1093 2637 admonetur
1129 2572 1182 2651 (iti
1214 2579 1328 2637 autem

177 2681 276 2739 erant
298 2674 436 2757 quidam
459 2676 588 2757 adfines
609 2675 716 2753 istius,
750 2695 892 2757 quorum
914 2674 975 2738 iste
997 2694 1121 2738 umores
1143 2695 1328 2756 numquam

176 2774 309 2840 alienas
336 2775 549 2854 eaistimaait,
580 2771 770 2839 Cleomenes
797 2781 827 2837 01
850 2774 1021 2850 Aeschrio)
1054 2780 1130 2837 ibid.
1153 2779 1193 2836 II.
1217 2778 1265 2837 33.
1288 2779 1329 2837 80

177 2873 224 2938 At
256 2896 353 2957 eques
385 2876 569 2949 Romanus,
603 2875 661 2957 qui
688 2876 871 2958 Sopatrum
899 2874 1059 2957 defendit,
1094 2875 1152 2956 qui
1178 2874 1330 2938 omuibus

180 2977 252 3039 eius
274 2975 422 3040 0011011110
443 2977 603 3058 rebusque
620 2975 783 3058 interfuit,
808 2972 835 3048 Q
862 2975 1041 3054 Minucius,
1064 2978 1252 3038 ibid.V.bd.
1270 2980 1329 3037 142

181 3077 321 3158 denique
338 3075 521 3158 prosimus
542 3075 649 3156 licta-r,
673 3076 713 3138 de
736 3096 799 3157 quo
821 3076 891 3138 iam
913 3095 1011 3157 saepe
1027 3074 1111 3153 diui,
1129 3074 1284 3137 Sentius.
1300 3124 1326 3136 ..

180 3180 357 3240 Praeterea
378 3183 441 3240 huc
463 3182 640 3256 pertinent:
672 3181 763 3239 Verr.
785 3180 935 3253 121111,
957 3179 995 3238 Π.
1013 3181 1038 3238 7.
1055 3181 1103 3252 21,
1124 3178 1329 3251 11101130,

180 3281 232 3341 IV.
256 3281 303 3340 20.
326 3282 374 3354 42,
396 3281 447 3339 IV.
471 3282 518 3340 62.
545 3281 603 3339 138
625 3283 693 3339 sim.

282 3380 373 3455 Quae
395 3383 529 3440 nomina
548 3383 687 3457 propria,
710 3383 772 3440 nisi
787 3382 889 3452 fallor,
907 3382 1094 3441 criticorum
1110 3381 1331 3455 suspicionem

181 3490 357 3558 propterea
378 3500 446 3541 non
469 3483 705 3555 excitaverunt,
729 3483 818 3557 quod
834 3482 1037 3540 enuntiatum
1052 3481 1224 3539 relativum
1248 3481 1330 3538 sieut

181 3599 304 3642 nomen
336 3584 534 3642 adiectivum
562 3599 635 3640 eum
662 3584 717 3641 illo
741 3583 935 3658 pronomine
958 3582 1012 3639 vel
1033 3581 1166 3639 nomine
1189 3580 1330 3655 appella·

180 3684 259 3754 tivo,
282 3699 302 3740 a
324 3699 388 3757 quo
411 3684 594 3741 seiunctum
617 3689 667 3740 001
688 3699 810 3741 nomen
832 3683 1008 3757 proprium,
1041 3682 1086 3739 ita
1113 3680 1332 3756 coniungitur,

182 3791 218 3842 ut
250 3784 329 3841 nihil
360 3784 424 3842 nisi
456 3784 646 3842 attributum
674 3784 840 3857 quoddam
867 3783 954 3840 inter
979 3782 1059 3839 illud
1086 3789 1118 3839 et
1144 3781 1208 3837 hoc
1233 3779 1331 3835 inter·

181 3885 324 3959 positum
358 3885 405 3942 sit.
453 3882 557 3958 Saepe
591 3892 700 3941 autem
732 3899 855 3941 nomen
887 3883 1055 3956 proprium
1088 3879 1332 3954 interpolatoris

182 3999 281 4043 curae
319 3990 373 4040 ant
410 3984 531 4041 librarii
568 3984 713 4041 incuriae
749 3982 976 4057 imputandum
1012 3997 1085 4039 esse
1119 3980 1224 4038 critici
1257 3994 1332 4035 een·

182 4089 327 4155 suerunt,
358 4084 414 4141 ubi
445 4085 531 4141 inter
556 4085 619 4141 hoc
647 4090 679 4141 et
700 4080 781 4140 illud
803 4082 1034 4156 appellativum
1057 4082 1126 4138 sive
1150 4092 1333 4154 pronomen

182 4183 292 4242 aliena
325 4183 482 4240 enuntiati
514 4199 589 4257 pars
622 4183 816 4257 interposita
849 4188 906 4252 est,
943 4194 1027 4253 quae
1062 4181 1171 4238 neutri
1203 4177 1335 4235 attribui

181 4290 302 4359 potest.
355 4282 467 4356 Neque
501 4299 581 4340 vero
620 4283 771 4340 omnibus
806 4282 875 4339 eius
908 4278 1000 4338 modi
1031 4280 1114 4337 loeis
1147 4277 1335 4335 nominibus
