3102 4934
733 325 938 382 „20-

257 505 434 590 familiari
456 505 694 570 eaesaetadiae
715 525 813 587 saepe
836 525 878 567 ea
900 525 951 567 me
977 504 1144 581 audierat,
1178 525 1279 586 qaam
1301 504 1415 568 saaeis

261 615 343 672 esset
364 607 453 670 ieter
475 626 535 670 aas
558 612 588 669 et
610 611 738 687 paaata
760 604 956 680 coaiaaetio,
985 610 1049 681 ubi,
1077 610 1152 683 quis
1173 625 1358 685 pronomen
1378 604 1414 668 id

258 729 335 771 oum
356 714 461 771 verbo
482 706 655 770 iudicabat
677 711 749 769 solo
773 711 1040 786 comungendum
1064 718 1120 781 est,
1144 711 1185 768 de
1202 711 1304 769 verbo
1320 704 1413 768 audi-

261 815 334 872 erat
363 828 431 871 non
453 813 583 887 pendet,
616 811 669 870 hie
691 812 868 869 verborum
893 810 975 868 ordo
1003 811 1258 886 exspectabatur
1279 826 1354 868 emm
1377 805 1414 868 id

259 908 331 991 ipse
363 908 413 971 ita
446 907 627 986 iudicabat,
661 913 731 969 tam
755 919 815 969 oet.
847 927 907 985 pro
931 908 1018 968 Sulla
1041 909 1088 967 33.
1111 910 1159 967 93.
1203 905 1275 968 Hae
1296 926 1371 968 eam
1393 927 1414 968 a

260 1008 350 1073 vebis
372 1008 554 1090 impetrare
577 1027 681 1070 caasa
701 1006 778 1089 ipsa
801 1005 901 1081 debet,
925 1011 995 1068 iam
1012 1011 1059 1067 est
1074 1004 1177 1068 vestri
1192 1004 1299 1069 aeimi
1317 1012 1414 1088 atque

261 1107 396 1172 cirtatis
429 1106 604 1170 declarare
638 1126 796 1169 aoaesse
819 1125 960 1184 eoscos,
994 1106 1040 1168 ad
1073 1125 1154 1187 qaas
1177 1153 1183 1168 .
1208 1154 1246 1168 ..
1282 1113 1323 1170 de
1350 1118 1413 1170 nst

258 1216 351 1273 deor.
373 1212 412 1270 II.
439 1213 488 1270 42.
512 1212 579 1271 107.
622 1205 709 1269 Eias
744 1225 819 1269 eam
853 1204 953 1269 toties
988 1212 1035 1268 est
1062 1205 1250 1288 praeclara
1282 1206 1414 1289 speeies,

263 1316 363 1380 (tam)
396 1308 432 1370 iri
458 1306 585 1390 primis
618 1305 815 1388 aspicienda
842 1312 889 1368 est
910 1306 1022 1388 lipara
1045 1304 1168 1388 capitis
1190 1312 1288 1388 atqae
1310 1307 1415 1371 arder

261 1409 444 1475 eceteram.

359 1539 479 1611 Restat
501 1546 544 1610 ut,
567 1538 722 1612 qnoniam
744 1538 778 1594 in
801 1538 1005 1611 pronominis
1027 1531 1084 1594 iiie
1107 1539 1324 1596 collocatione
1347 1555 1413 1596 non

259 1641 377 1711 inesse,
400 1655 458 1698 cur
472 1640 564 1697 locus
580 1645 751 1712 suspectus
772 1638 997 1695 emendandus
1013 1646 1108 1707 esset,
1131 1639 1290 1713 exemplis
1311 1641 1411 1698 modo

260 1741 365 1799 allatis
389 1739 601 1809 ostendimus,
634 1738 661 1794 is
690 1738 744 1811 qui
766 1753 888 1795 nomen
911 1738 1032 1809 reiciat,
1065 1739 1107 1796 ad
1139 1754 1323 1813 pronomen
1356 1733 1413 1796 tite

257 1857 382 1899 nomen
403 1840 577 1915 proprium
594 1838 672 1896 addi
694 1836 794 1912 poss'e
816 1846 924 1913 neget.
961 1836 1026 1896 Sed
1047 1845 1157 1895 tamen
1172 1839 1214 1896 ad
1229 1853 1412 1913 pronomen

258 1956 418 2017 persaepe
434 1937 627 1997 Ciceronem
650 1938 818 1995 addidisse
834 1953 956 1996 nomen
976 1938 1090 2013 ipsum,
1112 1939 1177 1995 iam
1192 1947 1289 1996 antea
1309 1940 1411 1997 norni-

259 2047 380 2111 natum,
403 2041 481 2098 satis
503 2040 613 2097 multis
630 2039 789 2113 exemplis
812 2039 897 2096 infra
920 2039 1200 2114 comprobabitur3
1223 2055 1310 2097 nuno
1332 2040 1413 2098 haec

259 2141 363 2198 verba
385 2140 555 2212 sufficiant,
589 2155 672 2213 quae
700 2139 854 2215 leguntur
875 2153 935 2213 pro
958 2138 1090 2197 Rabirio
1115 2139 1270 2197 Postumo
1296 2139 1342 2198 10.
1366 2140 1412 2197 27.

260 2235 410 2299 Faeiiias
447 2241 533 2299 certe
569 2235 606 2297 P.
636 2233 805 2297 Rutilium
832 2233 964 2315 Rafam
1000 2233 1207 2298 necessitatis
1243 2234 1412 2298 eaeasatie

258 2336 424 2418 defendet,
458 2336 611 2417 qai'eam
638 2356 661 2398 a
684 2332 880 2397 Mithridate
903 2333 1075 2417 Mytilenis
1109 2354 1288 2416 oppressas
1320 2341 1411 2414 esset,

258 2436 493 2500 credelitatem
508 2435 597 2518 repis
611 2435 647 2497 ie
662 2440 791 2517 tapetes
806 2433 943 2497 vestitas
958 2433 1141 2497 matatierre
1157 2434 1282 2498 vitavit.
1300 2503 1303 2510 ,
1319 2433 1411 2519 Erae

258 2536 317 2599 iiie
337 2537 374 2599 P.
392 2535 551 2614 Ratiiias,
575 2534 632 2616 qai
654 2535 888 2598 decameetam
908 2534 978 2616 fait
1000 2533 1188 2597 hominibus
1203 2534 1327 2598 eastris
1348 2535 1410 2598 eir·

258 2637 340 2700 tatis
364 2650 425 2701 eet.

358 2767 420 2826 Hie
453 2768 539 2824 enim
573 2767 615 2824 ad
647 2781 831 2840 pronomen
861 2759 917 2822 iiie
939 2781 1060 2824 nomen
1083 2767 1250 2840 proprium
1273 2767 1409 2824 additur.

258 2869 299 2927 Et
320 2869 462 2926 fortasse
486 2883 564 2925 casu
586 2874 701 2924 auctor
723 2881 791 2923 non
812 2866 894 2923 haee
917 2867 1061 2940 scripsit:
1083 2860 1141 2922 iile
1162 2860 1268 2943 ipitar
1290 2861 1327 2923 P.
1343 2862 1410 2923 Ba·

257 2963 352 3027 tilias
375 2976 444 3039 cet,
467 2968 550 3026 sieut
573 2967 703 3041 scripsit
725 2964 814 3023 Verr.
837 2965 875 3022 II.
899 2967 946 3024 54.
972 2965 1030 3023 136
1064 2961 1100 3022 iri
1128 2960 1336 3024 Timarchidi
1350 2981 1410 3043 pe

257 3069 394 3127 testate.
413 3111 420 3126 .
437 3112 443 3124 .
461 3061 591 3136 liberes,
614 3067 739 3125 matres
757 3060 924 3142 familias,
948 3061 1033 3125 boae
1051 3060 1276 3142 fortaeasqae
1299 3082 1410 3124 emaes

250 3163 370 3246 faisse.
409 3162 443 3225 Is
465 3162 579 3246 ipitar,
602 3160 742 3238 aidica,
771 3160 1002 3224 Timarchides
1025 3208 1080 3223 ...
1105 3174 1137 3224 et
1160 3182 1219 3242 pro
1241 3165 1348 3243 Liger.
1364 3166 1408 3224 12

254 3268 295 3326 35
392 3262 554 3325 memoria
576 3269 677 3339 terreo,
701 3260 812 3343 qaaiis
840 3261 875 3323 Τ.
899 3260 1059 3344 Liparias
1082 3268 1239 3343 prraestor
1260 3262 1410 3325 arboreae

248 3363 360 3446 faerit
383 3383 463 3447 erpa
489 3369 518 3426 ie
547 3369 576 3424 et
604 3361 802 3445 dipaitatem
825 3368 917 3424 taam
941 3411 947 3423 .
972 3411 978 3424 .
1004 3410 1009 3422 .
1057 3362 1121 3425 Hie
1155 3361 1260 3445 ipitar
1298 3362 1334 3425 Τ.
1357 3361 1409 3424 Li-

256 3483 373 3547 parees
397 3513 402 3525 .
428 3513 434 3525 .
460 3512 466 3525 .

356 3591 483 3667 Quare
511 3595 538 3651 si
572 3593 729 3668 scriptum
763 3603 851 3650 esset
875 3591 947 3667 (pro
970 3592 1048 3650 Rab.
1071 3594 1157 3651 Post.
1182 3593 1228 3650 10.
1252 3590 1320 3663 27);
1353 3588 1409 3651 iiie

255 3688 359 3772 ipitar
375 3689 412 3750 P.
430 3688 590 3767 Rutilias,
614 3694 656 3751 ad
676 3709 861 3768 pronomen
882 3687 939 3749 iiie
961 3694 994 3750 in
1017 3694 1088 3768 ipso
1114 3694 1294 3751 sententiae
1317 3694 1408 3752 initio

254 3795 397 3869 positum
419 3810 541 3853 nomen
563 3794 731 3868 proprium
754 3794 900 3850 additum
929 3803 1027 3865 esset3
1061 3810 1138 3851 nam
1171 3801 1307 3868 propter
1340 3795 1409 3851 eius
1436 3830 1439 3833 -

255 3894 508 3953 disiunctionem
545 3909 665 3951 nomen
699 3910 717 3950 a
750 3891 908 3950 Cicerone
945 3894 1200 3951 abiudioandum
1236 3909 1303 3952 non
1337 3911 1408 3952 esse

255 4011 354 4069 supra
374 3996 487 4069 paneis
511 3994 817 4052 demonstravimus,

356 4119 502 4193 Denique
530 4119 619 4192 quod
645 4133 765 4175 nomen
799 4118 980 4192 proprium,
1014 4133 1210 4191 quemquam
1243 4119 1408 4193 utriusque

254 4220 437 4277 sententiae
470 4219 652 4277 subiectum
687 4225 743 4288 est,
776 4218 809 4273 in
842 4219 966 4291 protasi
999 4224 1048 4276 est
1076 4218 1226 4292 positum,
1260 4219 1324 4277 hoc
1344 4220 1406 4277 loci
