3102 4934
623 359 828 417 ..13-

142 540 231 605 dicit
256 536 348 619 Cato,
371 546 428 603 ubi
451 560 648 619 quamquam
670 545 781 604 verbis
808 546 926 604 accior
947 539 983 602 itt
1007 538 1199 623 Originibus
1225 546 1297 619 quis

142 646 383 723 significaretur
403 661 501 703 nemo
525 646 708 721 ignorabat,
730 652 841 703 tamen
857 642 991 704 Catonis
1005 660 1127 703 nomen
1149 646 1298 704 additum

141 755 198 805 est.
242 746 357 819 Neque
379 746 422 803 ad
444 746 508 804 hoc
530 761 653 804 nomen
675 746 821 804 incertae
844 745 982 822 originis
1005 746 1136 822 signum
1163 747 1197 803 in
1230 746 1296 805 edi·

140 848 230 905 tione
254 844 418 905 Orelliana
439 854 489 904 001
512 846 706 921 appositum.

243 944 463 1004 Collocationi
478 953 586 1004 autem
602 945 788 1020 Epicharmi
803 944 946 1003 nominis
968 961 1036 1004 non
1059 946 1130 1020 0100
1153 947 1296 1003 tribuen-

141 1049 219 1105 dum
243 1055 300 1118 est,
334 1062 410 1104 nam
432 1045 587 1104 isocratis
610 1061 741 1120 quoque
764 1061 894 1117 nomen,
916 1046 980 1104 nisi
1001 1052 1077 1121 post
1098 1046 1297 1104 vocabulum

141 1140 355 1223 eloquentiae,
379 1147 488 1222 potius
503 1153 578 1221 post
599 1140 735 1223 scripsit
758 1162 856 1218 quam
878 1161 918 1203 00
942 1162 1039 1218 quem
1061 1161 1149 1204 nunc
1171 1147 1297 1204 obtinet

141 1248 250 1306 locum
275 1254 494 1321 exspectatur.

240 1347 288 1404 De
312 1348 381 1404 eius
404 1346 495 1404 modi
517 1354 627 1404 autem
650 1347 818 1404 nominum
843 1346 1063 1404 collocatione
1097 1347 1185 1422 apud
1207 1343 1295 1404 Cice·

141 1463 255 1505 ronem
279 1447 398 1505 usitata
420 1454 537 1522 postea
558 1447 690 1504 uberius
706 1446 884 1504 dicendum
904 1446 972 1518 erit,
995 1462 1070 1504 cum
1093 1447 1134 1505 de
1156 1447 1294 1504 nomini-

141 1548 201 1605 bus
236 1546 433 1605 alluellero
469 1546 601 1605 inclusis
634 1555 763 1623 agetur3
796 1562 883 1603 nunc
915 1562 983 1604 000
1016 1547 1130 1605 1001110
1163 1547 1295 1605 videtur

142 1647 365 1722 compluribus
390 1647 558 1722 exemplis,
582 1647 658 1719 quid
681 1647 715 1704 10
735 1648 796 1704 hae
813 1663 847 1704 re
862 1653 994 1721 praeter
1008 1645 1202 1705 Ciceronem
1224 1647 1295 1705 aliis

142 1747 357 1822 scriptoribus
379 1747 548 1822 placuerit,
571 1746 754 1804 ostendere.
798 1746 905 1820 Atque
940 1747 1087 1805 eiusdem
1109 1747 1295 1821 Epicharmi

141 1847 264 1905 mentio
287 1848 323 1904 tit
345 1848 386 1904 ab
410 1846 550 1904 Horatio
574 1848 607 1904 in
630 1848 722 1922 epist.
744 1846 782 1904 11.
807 1848 832 1903 1.
855 1847 896 1905 58

255 1996 391 2054 Plautus
414 1999 457 2055 ad
479 1996 649 2070 exemplar
671 1996 769 2054 Siculi
791 2011 969 2070 properare
991 1996 1184 2072 Epicharmi,

143 2145 256 2218 Neque
298 2146 470 2219 quisquam
513 2161 635 2202 nomen
677 2145 908 2220 interpolatum
953 2161 1024 2203 esse
1069 2147 1294 2221 suspicabitur,

144 2262 339 2319 quamquam
373 2262 417 2302 ex
447 2246 548 2303 totius
582 2247 647 2304 loci
680 2246 842 2303 sententia
863 2261 931 2304 non
954 2246 1117 2304 difficilius
1140 2246 1293 2321 Epichar-

142 2362 229 2403 mum
261 2346 407 2421 intellegi
439 2346 624 2420 putaverim
658 2363 755 2419 quam
782 2346 856 2404 1000
879 2347 934 2403 illo
957 2345 1113 2404 Tulliano
1156 2347 1197 2405 Et
1217 2348 1295 2406 11001

142 2447 294 2504 omnibus
326 2452 392 2504 tam
425 2452 523 2504 notus
550 2446 650 2504 fuerit
670 2447 724 2504 ille
747 2446 932 2521 Epicharmi
955 2463 1071 2505 versus
1093 2463 1113 2504 a
1135 2445 1294 2506 Cicerone
1335 2488 1339 2495 .

139 2546 297 2616 laudatus,
330 2555 373 2616 ut,
402 2540 504 2623 vafer
525 2539 583 2603 tlte
606 2539 741 2604 Siculus
764 2563 837 2604 cuni
861 2547 986 2605 diceret
1008 2548 1200 2621 insequente
1223 2549 1294 2606 eius

139 2663 245 2717 versu,
279 2661 376 2704 nemo
401 2646 631 2721 Epicharmum
653 2662 721 2704 non
744 2647 958 2723 intellegeret,
991 2648 1100 2705 tamen
1134 2648 1217 2706 hanc
1250 2649 1292 2706 ob

140 2763 273 2805 causam
296 2746 429 2804 nomine
453 2748 561 2820 posito
585 2748 806 2822 suspicionem
828 2748 956 2805 moveri
982 2763 1050 2805 non
1073 2755 1226 2822 oportere
1250 2765 1293 2805 ex

139 2847 186 2904 his
219 2847 331 2905 verbis
354 2847 542 2905 Horatianis
566 2847 676 2923 colligi
698 2855 815 2922 potest,
850 2864 932 2919 quae
961 2856 1036 2905 sunt
1064 2855 1121 2906 sat.
1143 2847 1181 2905 H.
1203 2846 1230 2905 3.
1253 2848 1294 2905 20

490 2998 568 3055 olim
591 3015 667 3055 nam
689 3014 847 3070 quaerere
871 2999 1022 3057 amabam

290 3114 354 3171 000
377 3098 471 3155 vafer
494 3099 545 3156 ille
568 3099 671 3173 pedes
694 3099 828 3156 lavisset
850 3097 1010 3174 Sisyphus
1033 3115 1117 3157 aere.

137 3247 219 3305 Nam
244 3248 424 3320 artificium,
448 3249 488 3306 de
512 3264 576 3321 quo
600 3249 653 3307 hic
675 3250 790 3323 agitur,
812 3250 899 3307 haud
921 3250 1070 3325 ignotum
1085 3249 1187 3306 fuisse
1202 3256 1292 3324 puta-

137 3348 249 3406 verim.
293 3348 431 3407 Accedit
454 3350 544 3421 quod
565 3350 642 3407 inde
664 3350 705 3407 ab
721 3349 876 3421 Homero,
899 3351 1019 3425 quippe
1042 3348 1146 3423 quill.
1163 3348 1216 3408 Vl.
1234 3350 1291 3408 153

137 3449 178 3505 de
200 3448 257 3506 illo
280 3448 362 3506 haec
384 3449 486 3506 dicat:

239 3590 326 3656 ἔνθα
348 3593 383 3655 δὲ
405 3597 546 3678 Σίσυφος
568 3592 671 3671 ἔσκεν,
693 3593 713 3659 ὃ
735 3593 895 3679 κέρδιστος
915 3597 1014 3678 γένετ’
1036 3589 1180 3684 ἀνδρῶν,

139 3748 298 3824 Sisyphus
320 3750 415 3807 vafer
436 3750 672 3809 nominabatur.
685 3780 725 3787 -
744 3751 925 3824 insequens
948 3767 1079 3825 quoque
1105 3753 1292 3827 exemplum

138 3849 353 3907 Horatianum
369 3850 432 3908 huc
447 3850 597 3924 pertinet,
618 3867 691 3908 cum
707 3867 750 3907 ex
766 3866 815 3922 eo,
838 3852 917 3924 quid
933 3853 973 3909 de
989 3853 1143 3910 addendo
1160 3853 1292 3911 nomine

138 3950 201 4008 alia
225 3950 382 4007 orationis
404 3958 497 4024 parte
520 3949 583 4006 iam
607 3951 800 4024 interposita
822 3951 1032 4009 iudicandum
1053 3952 1101 4023 sit,
1124 3958 1291 4025 appaream

137 4051 240 4107 verba
263 4048 346 4121 dico,
369 4067 452 4123 quae
476 4059 532 4108 sat.
554 4051 577 4110 I.
602 4052 628 4123 7,
656 4068 720 4124 qua
743 4052 841 4110 satira
863 4049 1009 4109 Graecus
1031 4053 1083 4110 ille
1106 4051 1236 4108 Persius
1260 4058 1292 4109 et

137 4148 282 4224 Rupilius
305 4149 375 4207 Rex
390 4151 622 4209 Praenestinus
644 4151 729 4209 inter
745 4167 780 4208 se
803 4158 967 4209 certantes
982 4153 1023 4209 ab
1040 4152 1176 4210 Horatio
1199 4151 1290 4207 indu·

138 4256 266 4318 cuntur,
289 4265 387 4307 versu
409 4250 448 4307 32
471 4250 638 4323 leguntur:
