3102 4934
604 380 808 435 ...15-

132 579 228 636 quam
251 570 287 620 ut
308 562 442 620 nomina
469 563 501 619 111
528 562 598 620 vitii
621 562 841 637 suspicionem
868 570 974 634 vocet,
1010 563 1037 620 is
1063 565 1167 620 verba
1192 557 1281 620 vola-

130 676 281 738 eremqtte
290 657 376 740 faya
383 655 616 739 praevertitur
627 656 786 729 Hebrum,
802 678 885 734 quac
898 663 1064 737 aptissime
1076 663 1117 721 de
1129 661 1281 720 Threissa

129 778 232 837 equos
255 763 413 838 fatigante
441 763 601 833 dicuntur,
633 763 676 820 ad
708 778 830 820 nomen
862 762 904 820 ab
937 763 1114 838 interprete
1138 763 1281 836 quodam

130 864 330 938 adscriptum
346 861 457 921 addita
472 878 545 920 esse
562 863 721 938 opinetur.
736 890 775 901 -
792 861 909 939 Longo
925 863 1031 938 spatio
1048 862 1145 921 distat
1160 878 1281 921 nomen

129 964 298 1038 proprium
320 964 362 1020 ab
385 962 583 1037 appellativo
607 978 666 1020 suo
690 963 769 1021 Aen.
792 960 860 1019 VH.
882 962 944 1020 678
960 978 1029 1037 sqq.

278 1079 347 1136 Nec
369 1079 601 1137 Praenestinae
623 1078 780 1137 fundator
802 1080 905 1137 defuit
927 1078 1025 1152 urbiS,

278 1178 427 1238 Volcano
451 1180 597 1255 genitum
620 1194 742 1255 pecora
763 1180 849 1238 inter
870 1181 1015 1256 agrestia
1036 1197 1149 1257 regem

278 1281 512 1352 inventumque
535 1280 619 1337 focis
643 1280 748 1337 omnis
771 1296 868 1353 quem
891 1280 1031 1338 credidit
1053 1288 1152 1352 aetas,

279 1378 445 1437 Caeculus.

127 1496 275 1569 Denique
309 1513 351 1553 ex
388 1511 510 1571 magno
544 1512 657 1553 eorum
690 1511 845 1552 versuum
879 1511 1023 1565 numera,
1061 1498 1115 1570 qui
1148 1506 1283 1572 propter

128 1598 263 1655 nomina
283 1596 417 1671 propria
437 1596 546 1670 posita
561 1595 703 1652 conferri
718 1602 865 1670 possunt,
887 1596 947 1653 hos
964 1612 1155 1655 enumerare
1171 1598 1281 1655 liceat:

128 1700 208 1755 Aen.
231 1695 255 1753 Ι.
279 1696 347 1765 496,
380 1694 432 1753 VI.
454 1695 524 1767 450,
556 1694 579 1752 Ι.
602 1695 671 1768 346,
704 1694 742 1753 Π.
764 1695 834 1767 403,
867 1695 888 1755 1.
912 1696 980 1767 670,
1014 1696 1049 1753 V.
1074 1697 1120 1769 12,
1156 1696 1190 1755 V.
1213 1697 1281 1767 284,

128 1795 179 1854 VI.
202 1796 272 1854 337.
287 1825 327 1833 —
350 1796 535 1853 Pronomen
561 1786 652 1871 „ille“
677 1802 709 1853 et
731 1812 852 1853 nomen
875 1797 1061 1869 quodcum
1085 1814 1124 1855 eo
1148 1797 1282 1856 coniun-

128 1897 273 1973 gendam
297 1906 353 1957 est.
377 1895 539 1953 disiuncta
561 1896 669 1970 posita
691 1904 766 1953 sunt
788 1896 868 1953 Aen.
890 1895 927 1954 II.
951 1896 1012 1954 540

279 2023 311 2071 11
336 2028 403 2070 non
425 2012 486 2083 illc,
510 2020 614 2071 satum
639 2029 703 2086 quo
727 2020 759 2070 te
782 2013 936 2085 mentiris,
958 2014 1100 2071 Achilles

278 2112 350 2170 talis
372 2112 405 2170 in
428 2113 522 2170 hoste
544 2112 605 2170 fuit
627 2112 765 2184 Priamo

127 2229 229 2288 Simili
254 2231 364 2299 modo,
398 2245 463 2303 quo
486 2229 649 2306 Vergilius
682 2232 726 2288 111
758 2246 943 2305 pronomen
977 2221 1078 2306 „ille“,
1108 2246 1172 2303 quo
1207 2232 1278 2304 quis

128 2330 375 2407 significaretur,
409 2330 487 2388 satis
514 2330 723 2405 perspicuum
747 2338 824 2402 crat,
850 2330 984 2388 Achillis
1010 2345 1132 2388 nomen
1155 2331 1279 2389 seiunc-

128 2431 184 2488 tim
207 2430 341 2501 addidit,
363 2430 495 2487 Plautus
517 2430 632 2505 Amph.
656 2430 695 2487 26
719 2431 861 2506 scripsit:

278 2548 399 2605 etenim
422 2547 483 2617 ille,
507 2546 598 2604 cuins
621 2548 685 2604 huc
707 2547 798 2604 iussu
819 2548 927 2617 venio,
949 2546 1103 2624 Juppitcr
1125 2594 1131 2604 .
1154 2591 1160 2604 .
1185 2592 1191 2605 .

129 2688 325 2745 quamquam
347 2672 447 2746 paulo
470 2681 546 2730 ante
570 2670 612 2742 (v.
638 2673 676 2729 19
699 2680 731 2731 et
753 2668 806 2741 20)
830 2672 953 2731 dictum
977 2680 1062 2731 erat:

278 2788 374 2847 Jovis
396 2790 488 2847 iussu
510 2790 618 2860 veni0,
641 2806 764 2847 nomen
786 2789 946 2848 Mercurio
971 2798 1020 2848 est
1043 2791 1129 2848 mihi.

280 2898 375 2964 pater
396 2891 459 2947 huc
481 2906 534 2947 me
556 2890 644 2947 misit
666 2890 709 2948 ad
730 2906 792 2948 vos
816 2898 943 2948 oratum
965 2907 1066 2961 meus,

129 3015 169 3072 Et
189 3031 290 3074 versu
315 3016 373 3074 120
394 3015 489 3074 Jovis
522 3032 644 3075 nomen
672 3018 839 3075 enuntiato
862 3018 953 3075 finito
977 3019 1020 3076 ad
1042 3034 1159 3075 voccm
1182 3018 1283 3094 patris

129 3115 330 3192 adiungitur:

279 3250 354 3290 nam
377 3250 469 3292 meus
493 3242 587 3308 pater
608 3234 694 3292 intus
717 3250 804 3292 nunc
827 3241 877 3292 est
899 3250 1014 3293 eccum
1036 3233 1200 3311 Juppitcr3

229 3365 336 3440 Atque
359 3367 393 3423 in
416 3367 565 3424 oratione
589 3367 696 3424 soluta
710 3366 788 3425 talia
803 3367 942 3425 inveniri
959 3383 1027 3424 non
1042 3383 1148 3441 pauca
1163 3367 1284 3426 docent

128 3468 288 3541 exempla.
332 3465 428 3524 Velut
450 3468 537 3541 apud
561 3465 787 3524 Cornelium
810 3467 999 3541 Nepotem
1025 3468 1107 3525 haec
1129 3468 1285 3544 leguntur

127 3567 223 3624 Attic.
245 3582 270 3624 c.
289 3566 334 3637 16,
351 3568 377 3624 3.
400 3581 604 3643 quamquam
620 3582 695 3624 eant
708 3562 893 3643 praecipue
909 3560 1030 3624 attexit
1048 3557 1171 3640 Cicera,
1191 3570 1228 3625 at
1243 3584 1283 3625 ae

124 3660 238 3740 frater
260 3661 394 3743 quidem
416 3662 446 3724 ee'
469 3659 613 3734 onetatas
635 3661 748 3724 carior
767 3661 875 3744 faerit
898 3668 957 3725 aet
975 3661 1140 3743 familior.

228 3764 293 3824 Sed
315 3768 393 3824 satis
416 3766 457 3825 de
479 3768 550 3838 hoc,
574 3767 650 3840 quia
670 3767 725 3838 eis,
749 3785 832 3840 quae
848 3767 954 3825 adhuc
970 3768 1098 3841 prolata
1115 3774 1197 3838 sunt,
1220 3768 1284 3826 hoc

128 3866 258 3938 quidem
293 3867 400 3924 evinci
432 3868 628 3942 putaverim:
662 3869 717 3941 qui
750 3868 829 3940 quid
861 3869 894 3924 in
927 3868 1115 3925 nominibus
1142 3868 1282 3942 propriis

127 3966 257 4024 utendis
279 3967 445 4025 veteribus
467 3969 634 4042 placuerit,
657 3968 831 4042 explorare
855 3974 1000 4038 conetur,
1034 3969 1064 4025 ei
1086 3982 1154 4025 non
1177 3967 1282 4024 solum

129 4067 362 4125 sententiarum
386 4068 640 4126 continuationis
664 4069 844 4125 sedetiam
867 4068 1024 4125 orationis
1041 4067 1162 4124 coloris
1184 4067 1281 4124 ratio-

128 4182 202 4224 nem
224 4166 408 4224 habendam
432 4183 513 4225 esse.
556 4167 649 4225 Nunc
672 4170 714 4227 ad
738 4185 777 4225 ea
803 4169 1007 4237 accedamus,
1043 4183 1125 4239 quae
1151 4167 1281 4241 potissi·

129 4281 215 4324 mum
238 4274 378 4324 tractare
401 4268 607 4326 instituimus.

139 4369 145 4381 ·
1058 4380 1070 4419 a
