3102 4934
611 331 818 385 -49-

142 511 236 581 Bruti,
259 518 373 585 utpote
396 512 450 584 qui
473 527 595 569 nocere
618 526 684 568 non
708 512 772 569 iam
795 513 906 585 possit,
928 513 1019 569 furor
1042 513 1148 568 minor
1171 511 1291 585 signiti-

144 620 236 669 catur
268 626 365 684 quam
399 612 477 681 eius,
511 611 565 685 qui
589 612 649 670 hac
673 612 821 669 oratione
846 618 1061 687 oppugnatur,
1084 612 1210 669 incluso
1234 627 1291 668 no·

141 712 225 769 mine
248 713 342 771 locus
365 727 477 769 carere
500 728 567 770 non
591 720 707 786 potest.

240 812 352 885 ltaque
375 813 408 870 in
431 812 573 871 nominis
596 813 769 870 iteratione
792 813 870 870 nihil
899 813 1007 870 inesse
1032 811 1223 870 offensionis
1246 813 1291 869 vi-

141 912 235 969 detur
257 928 428 986 apparere3
451 913 484 971 in
507 912 725 970 collocatione
741 928 820 969 vero
838 913 907 969 eius
923 914 977 985 qui
993 913 1139 985 haesitat,
1162 912 1192 969 ei
1215 928 1291 970 con-

142 1012 279 1069 ferenda
302 1021 385 1083 sunt,
401 1029 484 1084 111166
501 1013 597 1086 paulo
614 1020 689 1087 post
705 1009 736 1085 (ς’
752 1010 804 1081 93)
821 1013 987 1089 leguntur:
1010 1004 1114 1080 Quem
1129 1006 1292 1070 homiaem

143 1105 318 1190 ,6696611611
354 1106 460 1170 macae
497 1107 675 1171 iormdam‘
701 1107 828 1171 Bootae
864 1113 1095 1190 contemptam,
1132 1107 1294 1170 abiectum

140 1206 343 1286 videbamus,
378 1206 465 1271 116116
490 1202 626 1291 Capuae
651 1204 823 1289 Campano
851 1207 1031 1289 supercilia
1053 1229 1093 1271 ac
1115 1206 1206 1292 rapio
1227 1206 1293 1290 spi·

140 1306 208 1370 rita
241 1328 316 1371 cam
349 1306 547 1386 videremus,
583 1305 735 1371 Blossios
757 1306 839 1369 mihi
861 1307 999 1373 ridebat·
1020 1306 1097 1370 illos
1119 1307 1231 1370 cidere
1253 1328 1293 1370 ac

147 1406 309 1471 i'ibelltoa.

241 1514 354 1587 Neque
388 1513 530 1571 fortasse
564 1513 705 1573 alienum
733 1520 783 1571 est
804 1514 886 1572 haec
908 1515 1010 1572 verba
1033 1530 1292 1573 commemorare

142 1615 182 1671 dc
205 1615 279 1689 imp.
302 1612 356 1671 Gn.
380 1613 492 1687 Pomp.
517 1614 563 1671 18.
586 1614 626 1671 55
658 1628 727 1687 aas,
760 1628 903 1690 qaorum
924 1609 1070 1672 maiores
1092 1606 1292 1672 Antiochum

140 1728 249 1792 repam
272 1707 378 1773 classe
400 1708 601 1791 Persemque
623 1716 829 1790 superarunt
852 1757 858 1770 .
883 1756 890 1770 .
914 1755 922 1770 .

241 1812 306 1872 Sed
322 1815 400 1888 quid
416 1815 489 1872 miri
505 1813 604 1871 habet
620 1815 688 1873 eius
704 1814 794 1872 modi
810 1816 950 1874 nominis
966 1815 1149 1886 collocatio,
1173 1817 1292 1889 quippe

142 1931 223 1987 quac
246 1930 406 1989 persaepe
439 1931 508 1972 non
541 1914 646 1973 solum
669 1915 757 1989 apud
779 1912 980 1986 Ciceronem,
1003 1915 1062 1972 sed
1085 1916 1182 1972 etiam
1205 1915 1293 1988 apud

142 2015 222 2071 aiios
258 2015 436 2089 scriptores
470 2015 663 2072 inveniatur.
706 2011 796 2072 Sicut
830 2016 959 2089 scripsit
985 2012 1154 2072 Cornelius
1180 2015 1291 2088 Nepos

141 2114 195 2172 vit.
210 2115 306 2173 Attia.
330 2115 356 2172 8.
381 2116 396 2171 1
421 2109 525 2173 occiso
551 2106 695 2175 Caesare
718 2129 792 2172 cam
815 2129 869 2173 res
884 2109 1024 2193 publica
1039 2130 1144 2193 peaes
1165 2110 1292 2176 Brutos

141 2208 312 2272 videretur
335 2229 403 2273 esse
426 2215 456 2271 et
481 2205 635 2273 Cassiam
656 2228 697 2271 aa
718 2215 789 2272 iota
812 2208 930 2274 civitas
951 2231 985 2273 se
1007 2211 1053 2273 ad
1075 2231 1129 2274 eos
1161 2230 1292 2272 couver-

142 2308 241 2387 ia'sset,
264 2308 312 2371 sio
335 2308 379 2371 M.
403 2308 512 2373 Bruto
534 2329 616 2372 asos
638 2315 694 2387 est,
717 2315 754 2373 mi
778 2357 783 2371 .
809 2357 847 2374 ..

241 2411 331 2486 Quae
355 2430 429 2473 cum
452 2415 496 2472 ita
518 2415 591 2485 sint,
613 2430 681 2472 non
704 2424 761 2485 est,
785 2432 843 2472 cur
865 2415 896 2472 P.
919 2414 1002 2473 Rulli
1024 2432 1145 2474 nomen
1167 2416 1200 2473 in
1223 2415 1293 2478 vitii

142 2515 363 2588 suspicionem
385 2525 531 2572 vocetur.

241 2613 307 2673 Sed
329 2615 427 2675 finem
449 2615 607 2672 faciamus
631 2615 851 2688 disputationi,
885 2631 947 2689 qua
980 2616 1137 2673 nonnulla
1158 2616 1294 2673 nomina

141 2715 282 2771 animia
304 2714 491 2772 criticorum
516 2715 695 2772 severitate
729 2715 897 2773 vindicare
931 2716 1040 2774 conati
1074 2731 1193 2787 sumus,
1225 2730 1294 2772 non

142 2830 206 2886 quo
228 2815 395 2872 orationes
410 2814 573 2873 Tullianos
596 2814 666 2888 plus
690 2815 792 2872 semel
813 2815 903 2871 falsis
926 2815 1157 2873 additamentis
1180 2823 1292 2872 auctas

142 2929 214 2971 6666
237 2914 431 2985 nesciamus,
454 2913 514 2973 sed
535 2930 576 2972 116
599 2915 741 2986 nomina,
765 2915 881 2987 quibus
902 2915 1044 2971 auctoris
1062 2915 1193 2974 dicendi
1216 2930 1292 2971 con·

142 3014 281 3071 suetudo
316 3029 381 3071 non
416 3015 522 3071 minus
550 3030 647 3087 quam
675 3015 828 3073 codicum
850 3015 1013 3072 bonorum
1036 3016 1213 3073 auctoritas
1237 3015 1292 3071 ad·

140 3114 295 3172 minieulo
320 3114 368 3184 sit,
393 3130 512 3188 operae
535 3114 648 3171 nescio
673 3116 764 3174 cuius
788 3116 841 3173 vel
863 3115 1007 3171 incuriae
1030 3115 1219 3173 tribuantur.
