3102 4934
617 366 823 422 --11„.

145 556 173 613 si
195 555 276 613 haec
299 570 352 612 res
374 554 447 628 ipsu
468 562 567 611 causa
590 561 647 623 111,
670 568 728 609 our
749 551 803 609 ille
826 558 997 624 suspectus
1019 551 1184 620 habeatur,
1218 552 1296 624 quid

145 655 290 731 impedit,
320 655 494 728 quominus
516 652 634 711 Thesei
656 667 777 710 nomen
799 669 819 709 a
845 652 933 708 nullo
957 658 1150 726 temptatum
1173 651 1296 721 critico,

145 771 165 813 a
187 754 351 830 Sophocle
374 753 598 812 abiudicemus
620 754 653 811 in
677 749 756 810 Oed.
779 749 845 809 Col.
870 750 963 809 1350:

180 899 210 939 v.
234 881 315 940 1318
347 869 420 936 a’tt’
442 875 471 937 si
491 876 560 955 μέν,
582 871 702 957 ἄνδρες,
725 868 818 954 τῆσδε
839 868 997 955 δημοῖνχος
1017 868 1143 951 χθονός

344 971 551 1057 μη’11’1γχαν’
573 970 677 1037 αὐτὸν
698 969 789 1054 δεῦρο
812 975 1035 1058 προσπέμψας
1055 972 1125 1052 έμοὶ

347 1071 483 1158 Θησεύς,
504 1070 619 1138 δικαιοῖ
623 1096 641 1137 ν
662 1070 740 1136 ὥστ’
762 1069 840 1154 ἐμοῦ
861 1069 968 1136 κλύειν
989 1070 1117 1151 λόγους,

345 1175 383 1239 οὔ
405 1173 465 1238 τᾶν
487 1177 561 1239 ποτ’
583 1170 690 1259 ὀμφῆς
710 1170 764 1256 τῆς
785 1172 860 1255 έμῇς
881 1169 1060 1258 έπησθετο·

143 1308 202 1366 ubi
234 1323 302 1364 non
334 1306 439 1364 solum
467 1321 589 1363 nomen
615 1305 784 1380 proprium
807 1305 948 1362 eundem
969 1320 1085 1361 versus
1107 1304 1216 1362 locum
1240 1305 1295 1361 ob-

145 1409 235 1478 tinet,
269 1407 456 1477 sedetiam,
490 1407 524 1464 id
547 1405 635 1478 quod
658 1421 725 1463 non
747 1405 853 1462 minus
877 1404 1112 1462 attendendum
1135 1411 1192 1474 est,
1226 1420 1296 1461 ora-

147 1509 248 1567 tionis
271 1507 434 1565 sentcntia
455 1514 525 1564 toto
548 1522 647 1563 versu
671 1504 752 1562 1350
774 1505 882 1563 deleto
905 1505 1051 1580 intellegi
1073 1513 1193 1579 posset.
1226 1501 1297 1576 Qua

144 1624 181 1666 re
203 1623 271 1665 non
293 1607 400 1665 minus
423 1622 520 1679 quam
536 1605 606 1663 aliis
622 1605 704 1663 locis
719 1621 840 1663 nomen
861 1604 895 1661 in
917 1605 1065 1681 margine
1089 1604 1295 1679 adscriptum,

146 1707 304 1782 adscripti
326 1723 426 1765 causa
448 1706 606 1779 reliquam
628 1721 743 1763 versus
765 1713 891 1779 partem
914 1705 1060 1762 additam
1080 1721 1153 1762 esse
1170 1705 1295 1780 opinari

148 1810 323 1884 oportebat
339 1823 421 1877 cum,
444 1807 499 1879 qui
516 1806 648 1879 quidem
663 1813 799 1880 propter
813 1820 933 1862 nomen
949 1805 1092 1879 positum
1108 1804 1295 1863 1111111951

147 1915 181 1966 11
203 1905 281 1966 Oed.
306 1908 382 1983 Reg.
405 1906 464 1964 827
488 1908 522 1964 in
544 1906 616 1963 vitii
639 1905 860 1980 suspicionem
881 1905 1023 1962 vocavit.

248 2007 339 2064 Neve
362 2007 425 2064 hoc
448 2022 514 2064 nno
536 2007 611 2064 loco
628 2006 691 2063 sibi
709 2022 777 2062 non
792 2005 979 2063 constitisse
996 2004 1101 2062 critici
1116 2003 1298 2075 videantur,

146 2108 262 2166 referri
284 2108 380 2165 liceat
403 2108 450 2164 ni.
472 2124 502 2165 v.
524 2107 598 2165 895:

347 2224 405 2307 ’τὴν
426 2226 640 2309 δονρίληπτον
661 2223 820 2308 δύσμορον
842 2221 968 2310 νύμφην
990 2221 1058 2308 ὁρῶ

347 2330 543 2410 Τέκμησσαν,
567 2330 662 2405 οἴκτῳ
683 2325 764 2402 τῶδε
785 2328 1037 2408 συγκεκραμένην

145 2459 203 2517 ubi
226 2466 258 2517 11
280 2474 401 2516 nomen
423 2457 616 2533 parimodo
641 2466 737 2531 atque
771 2473 869 2533 supra
901 2457 1045 2532 positum
1067 2464 1116 2515 est
1139 2466 1171 2515 11
1193 2466 1296 2515 totum

144 2572 286 2629 versum,
309 2574 406 2631 quem
428 2557 575 2615 additum
600 2575 672 2615 1111
689 2574 885 2632 quamquam
900 2566 1052 2632 praestat,
1075 2565 1184 2615 tamen
1202 2559 1297 2615 omis-

146 2674 218 2716 sum
233 2674 301 2716 non
316 2659 343 2715 is
359 2657 571 2728 desideraret,
594 2658 649 2731 qui
665 2659 786 2731 ubique
808 2666 944 2733 propter
965 2673 1087 2715 nornen
1110 2667 1296 2732 suspectum

144 2774 278 2817 versum
300 2758 531 2833 interpolatum
555 2774 627 2815 esse
653 2760 812 2832 opinetur.
855 2758 969 2831 Neque
1002 2758 1048 2815 ita
1070 2758 1169 2834 longe
1193 2759 1296 2816 disce·

146 2860 228 2917 dunt
250 2859 290 2916 ab
314 2859 383 2915 eius
410 2857 501 2915 modi
523 2858 684 2933 exemplis
706 2859 739 2916 hi
761 2874 885 2929 verene,
919 2858 974 2931 qui
998 2858 1086 2933 apud
1108 2858 1297 2933 Euripidem

144 2959 300 3035 leguntur
320 2959 353 3015 in
376 2958 476 3016 111111.
500 2958 559 3015 764

247 3076 306 3131 ῖ62
348 3065 475 3132 νικῶντ’
492 3065 649 3152 Ὀρέστην
671 3067 773 3134 πᾶσιν
795 3066 937 3148 ἀγγέλλω
960 3070 1078 3153 (γέλως,

342 3165 576 3251 Ἀγαμέμνονος
598 3170 631 3233 δὲ
653 3174 757 3256 φονέα
778 3175 924 3251 κείμενον
946 3173 1034 3250 πέδῳ

346 3273 527 3348 Αἴγισθον·
550 3265 634 3332 ἀλλὰ
657 3274 786 3334 θεοῖσιν
807 3268 963 3350 εὔχεσθαι
985 3267 1096 3351 χρεων.

246 3406 414 3466 Interdum
459 3408 560 3467 multa
607 3409 815 3467 intercedunt
849 3410 935 3467 inter
970 3424 1092 3468 nomen
1128 3411 1296 3484 proprium

147 3510 283 3581 eiusque
310 3508 555 3583 appellativum,
582 3509 671 3567 velut
693 3510 809 3566 Aesch.
832 3510 945 3585 Agam.
969 3510 1027 3567 841
1046 3526 1114 3583 sqq.
1138 3507 1294 3579 (Kirchh.)

246 3643 303 3699 841
346 3636 379 3698 ἐκ
401 3632 505 3699 τοῖνδέ
526 3659 575 3699 τω
597 3648 677 3711 παῖς
697 3635 817 3700 ἐνθάδ’
839 3632 876 3700 οὗ
899 3647 1113 3719 παραστατεῖ,

345 3733 433 3817 ἐμῶν
455 3760 488 3799 τε
509 3742 561 3799 καὶ
584 3735 653 3800 σῶν
675 3733 778 3820 κύριος
799 3732 1027 3819 πιστωμάτων,

345 3832 390 3911 ως
411 3840 501 3919 χρῆν,
519 3833 682 3920 Ὀρέστης·
712 3835 791 3920 μηδὲ
815 3834 986 3927 θαυμάσῃς
1007 3834 1091 3901 τόδε.

347 3941 452 4022 τρέφει
474 3933 534 4020 γὰρ
556 3931 659 4001 αὐτόν
680 3932 809 4019 εὐμενὴς
830 3933 997 4020 δορύξενος

345 4035 504 4121 Στρόφιος
525 4034 542 4098 ὁ
569 4034 707 4112 Φωκεύς,

146 4168 244 4234 atque
261 4160 366 4217 omitti
381 4160 487 4234 potuit
502 4166 589 4216 totus
605 4177 720 4218 versus
736 4177 801 4235 quo
825 4161 1012 4219 continetur
1026 4158 1150 4219 Orestis
1166 4176 1296 4230 nomen,

147 4260 210 4318 nisi
232 4260 335 4316 verba
356 4258 461 4337 τρέφει
484 4250 544 4337 γάρ
566 4254 629 4317 κτλ.
653 4278 696 4318 ex
718 4263 821 4320 verbo
847 4251 1018 4345 θααμάσης
1039 4260 1228 4336 penderent.
