3102 4934
627 353 812 409 ..7-

289 525 307 612 ῆ
330 525 361 593 δ’
385 529 421 594 ἐν
440 526 576 607 γούνασι
598 540 701 597 πῖπτε
721 528 849 614 Διώνης
869 525 916 593 δι’
938 526 1107 617 Ἀφροδίτη

289 626 408 714 υνυς
430 626 488 712 ἑῆς·

141 769 198 826 ubi
221 770 283 827 etsi
305 770 383 827 satis
406 776 476 828 erat
497 768 607 826 dicere
630 758 764 846 Διώνης,
796 776 905 826 tamen
930 770 1111 829 sententiae
1132 771 1196 828 iam
1220 786 1291 846 per·

141 870 248 927 fectae
281 869 412 927 additur
442 861 560 947 μητρὸς
592 859 649 945 ἑῇς.
702 868 851 940 Accedit,
884 869 973 941 quod
1004 870 1069 927 hoo
1101 870 1175 928 loco
1209 872 1293 931 sicut

142 969 250 1046 Antig.
273 969 321 1027 46.
365 970 528 1044 appositio
552 969 713 1027 disiuncta
734 968 767 1025 in
789 984 905 1027 versus
927 969 1019 1027 initio
1042 971 1150 1044 posita
1172 977 1228 1029 est.

242 1077 307 1136 Sed
340 1078 419 1152 quid
452 1094 534 1153 opus
568 1087 617 1136 est
648 1078 741 1153 plura
774 1077 911 1136 afferre?
957 1076 1040 1136 Satis
1074 1080 1160 1137 enim
1192 1080 1293 1138 multa

143 1186 338 1256 argumenta
360 1180 487 1254 prolata
509 1194 581 1237 esse
605 1178 808 1250 crediderim,
832 1180 949 1252 quibus
971 1195 1087 1237 versus
1103 1176 1223 1256 (Antig.
1239 1174 1291 1245 46)

294 1312 451 1403 ἀδελφόν*
474 1311 511 1379 οἷν
532 1312 593 1397 γὰρ
614 1313 652 1399 δὴ
675 1311 827 1396 προδοῖσ
849 1296 1022 1396 Ιἁλώσομαι

142 1464 331 1522 stabiliatur.
374 1464 417 1521 At
438 1479 559 1521 nomen
582 1464 813 1538 appellativum
836 1464 926 1537 quod
946 1471 1086 1523 vocatur
1107 1464 1170 1523 hoc
1192 1463 1291 1521 modo

144 1564 300 1622 collocari
332 1564 422 1637 licet,
458 1579 526 1621 non
558 1563 635 1621 licet
667 1579 789 1622 nomen
821 1562 1009 1639 proprium?
1064 1564 1178 1638 Itaque
1216 1564 1293 1637 quin

142 1663 292 1740 Aegisthi
325 1679 456 1738 quoque
489 1679 613 1721 nomen
636 1663 747 1733 (Elect.
770 1661 843 1733 957)
877 1679 945 1722 non
976 1650 1203 1740 interpolatori
1235 1664 1294 1721 sed

143 1771 262 1838 poetae
285 1764 347 1838 ipsi
369 1763 578 1822 tribuendum
601 1765 650 1835 sit,
673 1763 807 1822 dubium
829 1780 897 1822 non
920 1781 992 1823 esse
1015 1765 1093 1822 mihi
1114 1764 1252 1822 videtur.

245 1870 309 1929 Sed
323 1879 359 1930 ut
374 1871 488 1946 paucis
503 1871 681 1929 illustretur
697 1887 794 1945 quam
817 1887 915 1945 saepe
939 1887 982 1928 ex
1004 1873 1137 1928 nomine
1159 1872 1292 1946 proprio

142 1979 276 2047 praeter
306 1973 538 2030 necessitatem
571 1971 684 2030 addito
717 1972 796 2029 viris
830 1971 936 2029 doctis
972 1971 1046 2030 falsi
1082 1971 1294 2030 additamenti

144 2071 288 2146 suspicio
321 2080 398 2129 nata
431 2072 479 2143 sit,
512 2073 573 2129 hos
607 2088 738 2145 quoque
771 2087 886 2129 versus
910 2069 1112 2145 Sophocleos
1145 2072 1293 2146 proferre

143 2171 257 2228 velim:

244 2279 322 2339 Oed.
343 2280 421 2358 Reg.
444 2280 504 2339 823
528 2297 595 2354 sqq.
619 2327 625 2338 .
647 2327 653 2339 .
676 2327 682 2339 .
704 2279 735 2338 εἴ
753 2298 793 2356 με
814 2273 870 2358 χρὴ
892 2285 1018 2360 φυγεῖν,

294 2380 348 2438 καί
368 2398 424 2456 μοι
445 2371 583 2461 φυγόντι
603 2374 700 2459 μὴ’στι
721 2371 796 2450 τοὺς
816 2372 911 2456 ἐμοὺς
933 2374 1013 2439 ἰδεῖν

294 2470 371 2559 μηδ’
394 2472 581 2558 ἐμβατεύειν
602 2476 767 2558 πατρίδος,
788 2472 808 2561 ἢ
829 2472 944 2557 γάμοις
963 2500 1003 2557 με
1024 2475 1075 2539 δεῖ

294 2572 413 2661 μητρός
434 2573 564 2659 ζυγῆναι
585 2579 638 2639 καὶ
660 2579 786 2660 πατέρα
807 2586 1019 2639 κατακτανεῖν

297 2673 458 2755 Πόλυβον,
482 2674 519 2751 ὃς
539 2675 673 2762 ἐξέφυσε
694 2671 880 2766 adelomus
899 2699 938 2757 με
945 2705 956 2755 ,·

145 2833 198 2890 Ad
221 2839 405 2890 extremum
428 2832 515 2891 enim
541 2848 674 2891 versum
695 2832 862 2890 Nauckius
889 2832 971 2890 haec
999 2833 1183 2891 adnotavit:
1220 2832 1296 2904 „Die

145 2932 298 2990 ththeit
320 2932 429 2990 dieses
451 2937 619 2991 unniitzen
633 2932 753 2991 Verses
775 2933 858 2990 wird
879 2948 947 2991 von
962 2931 1109 2990 Wunder
1123 2933 1182 2990 mit
1195 2932 1298 2991 Recht

145 3034 181 3089 in
203 3031 335 3089 Zweifel
357 3047 517 3108 gezogen.
560 3032 657 3091 Auclr
686 3033 771 3090 ohne
806 3033 881 3090 dass
904 3048 944 3091 zu
966 3031 1092 3107 πατέρα
1115 3033 1174 3089 der
1194 3031 1296 3090 Name

145 3133 292 3204 Polybos
315 3132 545 3190 ausdriicklich
568 3133 783 3209 hinzugefiigt
804 3133 895 3204 σίου,
917 3133 959 3190 ist
975 3149 1010 3190 es
1026 3132 1297 3191 selbstverstdnd-

146 3232 220 3303 lich‚
244 3233 319 3290 dass
336 3230 423 3302 Oed.,
446 3249 542 3290 wenn
558 3249 595 3290 er
608 3248 677 3290 von
697 3233 811 3290 seinen
826 3232 937 3290 Eltern
952 3232 1054 3304 redet,
1076 3247 1138 3290 nur
1152 3231 1298 3306 Polybus

145 3332 216 3390 und
237 3331 369 3406 Merope
391 3333 523 3390 melnen
545 3323 661 3391 kann.“
706 3333 748 3390 At
771 3333 798 3390 si
819 3333 1042 3406 uuusquisque
1075 3348 1199 3404 versus,
1232 3346 1296 3406 quo

146 3433 351 3490 removendo
375 3433 609 3490 sententiarum
632 3433 833 3492 continuatio
856 3448 925 3490 non
946 3433 1073 3490 deletur
1093 3439 1170 3504 tota
1192 3432 1298 3490 inanis

148 3532 308 3590 dicendus
331 3541 388 3604 est,
410 3548 478 3590 non
498 3533 600 3590 modo
621 3533 674 3591 hic
689 3548 804 3591 versus
820 3541 917 3606 atque
933 3532 987 3604 illi,
1010 3533 1051 3590 de
1067 3533 1184 3606 quibus
1200 3548 1298 3607 supra

147 3632 291 3689 diximus
315 3629 426 3701 (Elect.
442 3632 501 3689 ott
527 3641 559 3690 et
581 3632 653 3690 Ant.
669 3628 732 3704 46),
755 3633 815 3690 sed
837 3640 886 3690 tot
907 3632 973 3691 loci
994 3632 1160 3693 inanitatis
1176 3633 1300 3691 crimen

146 3746 215 3788 non
249 3730 415 3807 effugient,
428 3777 435 3788 .
448 3738 483 3789 ut
515 3732 564 3789 his
598 3732 733 3790 resectis
768 3733 919 3791 omnibus
952 3732 1109 3805 reliquiae
1135 3739 1300 3804 tamquam

146 3831 254 3888 trunci
277 3831 349 3902 sint,
370 3832 469 3887 ramis
491 3831 642 3903 foliisque
666 3832 805 3906 spoliati.

249 3937 495 3995 Praetereamus
517 3955 605 3997 nunc
628 3955 759 4013 quoque
781 3955 903 3996 nomen
924 3940 1039 4014 ipsum,
1062 3955 1102 3997 ea
1121 3939 1299 4010 videamus,

149 4054 242 4110 quae,
280 4037 334 4110 qui
369 4052 491 4095 nomen
528 4039 758 4113 interpolatum
796 4056 868 4097 esse
908 4040 1065 4114 opinatur,
1099 4039 1142 4096 ad
1168 4055 1300 4096 versum

148 4137 351 4212 explendum
373 4138 499 4195 nomini
521 4139 632 4196 addita
655 4155 727 4196 esse
750 4139 892 4199 fateatur
914 4154 996 4212 opus
1012 4146 1069 4210 est,
1091 4139 1195 4196 verba
1209 4139 1298 4196 dico:

147 4231 187 4305 ὂς
207 4231 340 4315 ἐξέφυσε
362 4228 547 4320 κᾶξέένρεφέ
566 4255 613 4314 με.
658 4236 747 4310 Quae
770 4240 873 4297 verba
895 4239 1114 4313 praecedente
1136 4238 1299 4297 vocabulo
