3102 4934
617 418 654 423 m
700 385 739 441 33
798 416 822 421 --

140 573 232 630 renis
254 588 347 633 usum
371 571 585 641 attendamus
621 570 674 642 qui
698 586 739 627 ex
762 570 930 644 permultis
958 569 1116 643 exemplis
1150 576 1293 643 apparet,

140 690 184 730 ex
207 688 272 747 quo
295 686 433 729 numero
457 686 562 746 pauca
583 670 772 741 offerentum
809 679 906 742 atque
929 670 1068 744 primum
1091 668 1223 741 quidem
1246 685 1292 738 ca,

140 767 175 831 in
198 773 314 846 quibus
337 787 407 829 nec
429 786 569 829 nomen
595 785 665 827 nec
691 785 903 844 pronomen
931 777 1150 844 exspectetur.
1192 766 1290 827 Velut

138 872 232 931 Verr.
269 872 307 929 Π.
336 871 385 930 40.
415 872 454 928 99
485 864 524 930 Si
546 884 712 947 praesens
741 863 898 928 Sthenius
934 884 1013 927 reus
1050 870 1132 927 esset
1165 863 1290 945 factus,

138 968 169 1031 ai
192 967 371 1048 ntunifeeto
393 966 427 1029 iu
451 964 613 1046 maleficio
646 971 822 1044 teneretur,
855 971 975 1039 tamen,
1009 984 1085 1027 cum
1117 970 1292 1027 accusator

139 1089 207 1131 uon
229 1067 368 1145 adensct,
391 1064 563 1130 Sthenium
586 1064 802 1129 condemnari
825 1085 891 1127 non
906 1070 1079 1148 oporteret.
1102 1068 1166 1129 Ubi
1180 1084 1290 1127 nonne

138 1174 219 1231 satis
235 1180 306 1232 erat
320 1173 365 1230 ite
381 1172 505 1230 dicere:
528 1164 564 1230 Si
573 1185 738 1248 praeseus
753 1164 908 1229 Sthenius
922 1186 1001 1227 reus
1019 1167 1135 1247 fuctus
1150 1171 1240 1227 esset.
1258 1213 1264 1225 .
1282 1213 1288 1225 .

139 1289 214 1330 eum
250 1266 467 1331 caridemuari
504 1288 570 1330 non
603 1272 785 1349 oporteret,·
820 1272 874 1329 vel
908 1272 1030 1346 potius:
1058 1264 1238 1336 Sthenium,
1261 1263 1291 1326 ei

131 1389 300 1452 praesens
325 1387 404 1429 reus
432 1366 548 1448 faetus
570 1373 653 1429 esset
765 1365 982 1429 condemnari
1014 1386 1080 1428 uon
1113 1370 1290 1447 oporteret3

138 1493 203 1548 qua
231 1475 407 1532 verborum
441 1473 672 1531 coniunctione
706 1489 767 1530 nec
801 1473 940 1547 repetito
967 1473 1100 1529 nomine
1122 1486 1184 1528 nec
1208 1486 1290 1545 opus

137 1584 228 1634 esset
249 1575 452 1650 pronomine.
469 1572 602 1631 —Vern
625 1573 663 1630 ΙΙ.
689 1574 734 1630 17.
757 1575 794 1630 41
825 1567 890 1631 Ubi
913 1566 1071 1649 comperit
1094 1565 1290 1628 Heraclium

137 1692 205 1733 non
233 1669 356 1747 adesse,
380 1688 493 1752 cepere
514 1667 633 1749 incipit
655 1689 717 1747 eoo,
751 1675 788 1730 ut
810 1668 975 1730 absentem
999 1666 1195 1730 Heraclium
1217 1686 1290 1729 con-

136 1772 311 1849 demnent,
334 1791 456 1833 nomen
481 1775 632 1832 iteratum
665 1783 724 1847 est,
758 1790 952 1847 quamquam
976 1774 1039 1830 hoc
1062 1788 1192 1846 quoque
1214 1772 1288 1829 loco

139 1877 206 1935 dici
228 1883 358 1951 poterat
379 1877 416 1932 ut
443 1871 610 1933 absentem
637 1869 863 1949 condemnent,
896 1891 972 1931 nem
1005 1875 1101 1948 paulo
1124 1881 1200 1948 post
1222 1869 1288 1941 (42)

140 1978 224 2036 haec
246 1977 413 2053 leguntur:
429 2021 435 2033 .
451 2021 457 2032 .
474 2021 479 2033 .
495 1969 628 2032 moleste
647 1969 741 2053 ferre
764 1976 940 2052 coeperunt
956 1967 1152 2032 Heraclium
1168 1966 1289 2049 profu-

137 2071 244 2155 pieee,·
261 2071 431 2153 putabant
452 2069 598 2134 absentio
620 2069 871 2134 damnationem
894 2118 900 2130 .
926 2118 932 2133 .
957 2118 963 2131 .
987 2067 1091 2132 multo
1118 2067 1289 2130 inuidiosi-

137 2193 231 2236 orem
243 2172 328 2253 fore.
373 2177 414 2234 Et
430 2176 572 2234 conferri
588 2182 734 2252 possunt,
750 2191 833 2249 quae
859 2177 1012 2251 leguntur
1026 2173 1116 2232 Verr.
1132 2172 1168 2231 V.
1184 2172 1231 2230 31.
1246 2172 1288 2230 82

137 2273 256 2354 Itaque
293 2270 459 2355 eucopitat
495 2290 565 2334 rem
599 2270 825 2354 uapularem,
858 2290 972 2349 rtaueo,
1006 2268 1124 2351 quibus
1157 2267 1287 2350 iepatus

129 2372 347 2456 praefuerat,
383 2367 552 2435 Cleomeni
584 2371 699 2448 tradit,
733 2371 835 2434 clausi
860 2369 982 2453 popuii
1015 2368 1162 2433 Romani
1194 2363 1286 2431 Cieo-

135 2493 265 2536 menem
287 2470 541 2554 Syracusanum
557 2491 716 2553 praeesee
737 2471 824 2533 iubet
840 2477 937 2552 atque
951 2470 1142 2552 imperare.
1165 2519 1171 2530 .
1194 2519 1200 2530 .
1222 2471 1286 2531 Ubi

135 2595 212 2637 cum
235 2578 320 2635 inter
342 2593 377 2635 se
401 2577 565 2635 contraria
586 2577 651 2635 sint
667 2571 788 2654 popuii
803 2570 949 2634 Bouiani
972 2584 1004 2633 et
1022 2568 1285 2653 Syracusanum,

135 2680 186 2736 vis
213 2677 378 2735 rhetorica
411 2678 528 2735 eadem
561 2685 716 2748 muneret,
750 2677 877 2735 etiamsi
902 2666 1109 2734 Cleomenem
1141 2675 1285 2746 abessem

136 2778 217 2851 quid
240 2778 328 2835 enim
350 2778 491 2852 pertinet
514 2778 555 2834 ad
583 2794 652 2835 rem
679 2792 800 2836 nomen
830 2778 914 2836 illius
946 2774 1152 2850 Syracusani,
1184 2775 1284 2833 modo

134 2876 316 2937 nominati?

237 2977 350 3050 Itaque
373 2977 496 3034 Romae
519 2993 648 3050 nomen,
682 2979 771 3051 quod
792 2977 922 3035 Baitero
946 2984 978 3035 ct
1001 2976 1152 3050 Kaysero
1179 2991 1284 3033 remo-

133 3078 280 3137 vendum
303 3078 485 3148 videbatur,
517 3093 650 3135 manere
677 3086 835 3152 praestat:
870 3078 911 3135 de
934 3077 995 3152 leg.
1023 3093 1090 3153 agr.
1112 3075 1151 3133 ΙΙ.
1174 3076 1222 3133 34.
1245 3076 1284 3132 94

132 3174 207 3236 Nos
230 3179 350 3251 autem,
373 3171 449 3234 hinc
464 3173 573 3235 Reum
595 3173 652 3254 qui
674 3192 897 3236 ueneramus.
921 3224 926 3235 .
951 3220 969 3250 .,
988 3193 1061 3234 curn
1084 3176 1284 3251 praesertim,

132 3279 214 3353 quid
235 3271 311 3335 hinc
333 3279 493 3352 particula
513 3279 654 3352 scriptor
669 3279 781 3336 dicere
797 3278 883 3361 velit,
900 3278 1034 3335 nomine
1049 3276 1162 3334 addito
1178 3277 1283 3352 magis

132 3378 336 3453 explanetur,
359 3378 377 3434 i.
401 3396 426 3435 e.
449 3394 519 3450 nos,
543 3378 598 3450 qui
621 3377 662 3434 ad
688 3378 773 3435 illius
803 3378 949 3453 oppiduli
976 3374 1186 3453 magistratus
1209 3376 1284 3434 hinc

131 3492 337 3550 veneramus,
364 3494 407 3534 ex
436 3478 564 3552 imperii
590 3477 736 3550 Romani,
764 3479 842 3551 quin
869 3478 967 3536 etiam
996 3494 1038 3534 ex
1067 3477 1167 3534 totius
1195 3477 1283 3534 orbis

132 3586 296 3636 terrarum
319 3578 425 3652 eapite
449 3624 454 3634 .
477 3623 483 3635 .
507 3624 513 3636 .

233 3676 381 3750 Denique
403 3677 494 3735 Verr.
516 3678 554 3735 ΙΙ.
577 3677 625 3736 36.
648 3679 687 3735 89
718 3694 806 3735 nunc
839 3673 884 3736 ad
917 3670 1089 3736 Sthenium
1121 3678 1282 3735 reuertar.

131 3772 250 3836 Iratue
284 3771 345 3835 iate
380 3771 586 3836 uehementer
617 3772 751 3836 Sthenio
790 3780 819 3835 et
855 3772 1010 3836 incensus
1041 3771 1221 3855 hospitium
1254 3772 1283 3833 ei

130 3871 313 3949 renuntiat,
329 3886 464 3953 propter
485 3894 669 3953 pronomen
692 3873 721 3935 ei
742 3878 854 3937 Stheni
876 3893 997 3936 nomen
1019 3879 1193 3954 repetitum
1215 3893 1282 3936 non

130 3978 342 4048 desideretur,
366 3979 442 4051 quia
463 3980 516 4036 eui
538 3977 656 4036 Verres
680 3980 780 4037 iratus
803 3978 852 4049 sit,
875 3994 941 4036 non
963 3979 1050 4036 latet.

237 4077 336 4135 Muito
360 4084 468 4136 autem
500 4078 630 4153 saepius
664 4094 723 4153 pro
755 4078 872 4136 iterato
895 4077 1027 4136 nomine
1050 4077 1281 4153 pronomine

129 4185 247 4236 auctor
277 4176 324 4235 uti
357 4183 494 4250 poterat,
527 4178 560 4234 id
594 4179 683 4250 quod
715 4178 824 4236 multis
852 4177 1086 4251 comprobatur
1112 4176 1280 4248 exemplis.

128 4277 227 4338 Velut
250 4275 339 4335 Verr.
355 4276 378 4333 l.
396 4276 441 4333 10.
459 4278 498 4334 28
523 4269 606 4335 Cum
629 4273 697 4337 Dio
720 4272 790 4354 ipse
806 4273 971 4355 prodiret,
996 4292 1070 4334 cum
1093 4269 1200 4346 ceteri,
1224 4271 1281 4350 qui

1106 4382 1132 4431 5*
