3102 4934
212 1409 237 1466 A
260 1407 424 1479 Muellero,
457 1407 637 1465 novissimo
661 1407 845 1466 orationum
870 1407 1090 1467 'lullianarum
1123 1409 1258 1479 editore,

112 1509 282 1585 complura
313 1508 448 1567 nomina
480 1509 613 1583 propria
644 1508 678 1567 in
699 1508 770 1566 vitii
791 1509 1014 1583 suspicionem
1035 1516 1154 1567 vocata
1176 1516 1258 1567 sunt.

110 1606 201 1682 Quae
234 1624 287 1667 res
319 1609 390 1667 iure
422 1608 583 1667 iniuriare
608 1607 695 1667 facta
717 1609 767 1681 sit,
790 1608 973 1683 disceptare
997 1615 1155 1669 conantes
1177 1623 1257 1667 non·

110 1708 200 1768 nulla
232 1724 315 1782 quae
348 1708 391 1765 ad
416 1708 585 1767 nominum
606 1722 701 1766 usum
722 1709 886 1783 pertinent
907 1707 1024 1766 afferre
1046 1708 1258 1767 studebimus.

211 1810 236 1866 1.
257 1809 363 1882 Atque
378 1814 413 1866 ut
425 1823 489 1882 qua
503 1808 707 1883 potissimum
720 1807 946 1866 criminatione
957 1808 992 1866 in
1003 1809 1137 1867 nomina
1153 1809 1257 1867 critici

109 1914 243 1967 utantur
275 1924 437 1983 quamque
468 1907 533 1966 late
565 1907 620 1965 illa
650 1913 760 1984 pateat
788 1907 996 1966 manifestum
1028 1908 1091 1979 fiat,
1124 1926 1143 1966 a
1174 1909 1256 1967 locis

109 2007 303 2083 Sophocleis
332 2008 497 2066 nonnullis
529 2008 693 2084 proficisci
725 2008 833 2079 liceat,
866 2009 991 2080 quibus,
1024 2024 1098 2067 cum
1135 2010 1256 2067 criticis

109 2109 334 2179 assentiamur,
370 2124 389 2165 a
425 2108 585 2182 scriptore
621 2108 692 2182 ipso
729 2121 791 2165 nos
828 2108 1001 2166 dissentire
1039 2109 1280 2184 demonstrari,

109 2208 315 2267 crediderim.
337 2208 505 2284 Leguntur
518 2209 552 2265 in
567 2206 614 2265 El.
628 2224 657 2265 v.
670 2208 730 2265 954
739 2223 808 2281 sqq.
821 2236 860 2245 -
872 2208 913 2265 de
929 2208 993 2266 hoc
1007 2208 1082 2266 loco
1092 2207 1256 2267 Vahlenus

107 2309 142 2367 in
165 2325 274 2385 progr.
295 2308 400 2366 Berol.
424 2301 559 2380 resulto
582 2306 734 2365 disseruit
757 2337 793 2345 —
817 2309 899 2366 haec
919 2309 1036 2366 verba:

260 2442 320 2500 954
353 2431 414 2500 νῦν
435 2434 465 2498 δ’
485 2430 564 2517 ἡνίκ’
588 2429 686 2500 odxdt'
711 2434 811 2511 ἔστιν,
832 2434 878 2510 εἰς
898 2435 934 2498 σὲ
956 2432 994 2518 δὴ
1014 2434 1137 2515 βλέπω,

260 2541 320 2600 955
353 2531 446 2610 ὅπως
466 2531 525 2599 τόν
548 2529 721 2617 αὐτόχειρα
741 2531 894 2620 πατρῴου
915 2532 1022 2622 φόνου

260 2641 320 2700 956
354 2631 412 2711 ξὺν
434 2630 504 2724 τῇδ’
530 2630 651 2723 1111117φᾷ1
671 2633 715 2717 μὴ
735 2631 937 2716 κατοκνήσεις
957 2646 1086 2700 κτανεῖν

260 2742 320 2800 957
354 2738 536 2815 Αἴγισθον·
559 2731 654 2799 οὐδὲν
674 2732 734 2820 γάρ
755 2752 791 2798 σε
813 2733 1033 2817 deturpentur
1054 2734 1085 2818 μ’
1099 2736 1155 2801 ἔτι.

209 2875 378 2952 Bergkius,
410 2881 445 2933 ut
466 2874 615 2950 Aegisthi
636 2889 758 2933 nomen
779 2876 914 2952 propius
940 2884 1028 2934 esset
1059 2877 1256 2935 vocabulum

108 2965 294 3052 αὐτόχειρα,
326 2991 480 3033 versuum
514 2975 663 3033 ordinem
689 2975 734 3032 ita
760 2977 905 3047 mutavit,
938 2983 972 3033 ut
994 2993 1023 3034 v.
1046 2976 1106 3035 957
1129 2983 1204 3035 ante
1226 2994 1256 3034 v.

109 3076 171 3135 956
205 3076 434 3148 collocaretur3
466 3058 561 3147 ¹quae
605 3082 727 3135 mutata
759 3075 861 3135 series
894 3092 1091 3149 quamquam
1124 3077 1256 3135 tolerari

107 3184 230 3253 posset,
262 3183 373 3235 tamen
404 3192 472 3237 uon
498 3176 598 3235 modo
628 3190 696 3234 non
717 3177 912 3248 necessaria,
946 3176 1013 3248 sed,
1046 3177 1080 3235 id
1103 3177 1192 3249 quod
1215 3194 1257 3237 ex

111 3276 271 3351 exemplis
293 3276 378 3334 infra
400 3275 504 3333 allatis
527 3275 656 3337 elucere
680 3275 884 3348 crediderim,
906 3277 1025 3335 tradita
1041 3276 1186 3336 deterior
1200 3286 1257 3337 est.

110 3376 295 3436 Wunderus
319 3384 351 3434 et
372 3375 538 3434 Nauckius
553 3392 685 3434 versum
700 3377 759 3434 957
779 3376 956 3435 insiticium
979 3393 1051 3435 esse
1076 3377 1257 3452 opinantur,

109 3492 249 3550 quorum
271 3476 325 3534 ille
348 3492 479 3534 versum
502 3483 687 3552 suspectum
710 3476 860 3535 histrioni
892 3477 1022 3535 cuidam
1054 3478 1172 3548 tribuit,
1205 3479 1258 3537 hic

111 3593 185 3635 eum
206 3577 257 3635 his
279 3577 388 3639 verbis
411 3576 560 3635 refellere
583 3577 706 3635 studet:
734 3576 836 3654 „Dass
850 3577 987 3650 Electra,
1009 3594 1105 3635 wenn
1128 3578 1175 3635 sie
1197 3569 1258 3637 τὸν

108 3666 282 3752 αὐτόχειρα
303 3668 454 3756 πατρῴου
476 3666 582 3755 φόνου
605 3679 757 3749 erwtthnt
780 3693 842 3735 nur
857 3678 922 3735 den
936 3678 1103 3754 Aigisthos
1126 3679 1257 3737 melnen

110 3777 207 3849 kann,
230 3778 272 3835 ist
294 3776 630 3835 selbstverstdndlioh:
659 3778 717 3835 das
743 3777 995 3836 naohhinkende
1017 3775 1186 3850 Αἴγισθον
1209 3794 1256 3836 er·

110 3878 237 3936 seheint
270 3877 372 3935 daher
403 3878 450 3935 als
476 3877 594 3935 hochst
618 3876 822 3954 iiberfiiissig.
866 3874 1036 3936 Geradezu
1059 3879 1195 3936 storend
1216 3879 1258 3936 ist

112 3976 165 4035 die
180 3977 415 4054 hinzugefllgte
430 3976 656 4054 Begrdndung
670 3966 764 4035 otdlv
778 3968 838 4056 γάρ
854 3990 889 4034 σε
910 3971 968 4035 δεῖ·
979 3969 1130 4056 κρύπτειν
1152 3969 1183 4053 μ’
1201 3971 1256 4052 ἔτι,

111 4076 165 4135 die
194 4063 256 4134 nur
281 4077 369 4134 dann
398 4078 494 4134 einen
520 4074 599 4134 Sinn
624 4077 721 4149 hdtte,
754 4073 851 4135 wenn'
873 4075 986 4152 Chrys.
1013 4078 1103 4136 nicht
1129 4083 1256 4150 wilsste,

112 4176 188 4234 dass
210 4176 338 4252 Aigisth
371 4177 430 4234 der
461 4176 593 4235 Mltrder
626 4176 684 4235 des
710 4177 939 4253 Agamemnon
971 4169 1039 4235 ist.“
1085 4175 1149 4235 Sed
1173 4193 1255 4249 quae

110 4290 227 4334 versus
243 4292 319 4351 pars
333 4276 412 4334 ferri
426 4292 494 4335 non
509 4292 607 4352 posse
622 4276 770 4335 Nanokio
790 4279 928 4348 videtur,
950 4284 985 4335 ut
999 4277 1077 4334 inde
1092 4277 1255 4350 incipiam,
