3102 4934
624 271 829 326 -3Ῑ-

154 452 234 515 lium
272 458 422 515 coartant
466 451 511 514 ad
547 448 680 532 Aproni
722 448 809 533 lapan
852 450 1123 531 condicionesque
1165 450 1299 513 uenisse.

155 550 282 614 Lolliae
304 557 413 615 aetate
435 557 465 612 el
488 549 600 613 morbo
624 548 803 631 irnpeditaa
822 550 868 613 od
884 549 1107 613 testimoniam
1123 549 1301 613 dicendam

153 651 263 716 tenire
286 671 353 715 non
369 650 491 735 poterit.
537 646 626 722 Quid
649 669 732 732 opas
760 656 807 712 eet
829 648 959 713 Lollio?
995 656 1071 713 ibid.
1094 654 1148 712 ΙΙΙ.
1171 655 1218 713 60.
1245 656 1302 715 139

153 750 349 816 Scandilius
370 771 441 814 reae
463 770 497 814 re
519 755 623 815 totum
644 748 842 813 relictarum
857 748 939 813 dicit
954 756 984 813 et
998 770 1059 814 eno
1074 757 1219 833 tempore
1235 772 1303 814 eaeo

151 851 351 915 redituram.
386 847 484 927 Quid,
508 856 543 913 ln
565 849 625 914 tibi
647 857 718 913 lam
738 849 820 932 qnid
839 848 951 931 faeie?
963 894 966 898 ι
981 848 1194 914 Scandilium
1215 851 1306 933 copie

153 988 188 995 -
203 950 307 1034 qaid?
329 957 393 1014 ibd.
416 953 467 1013 IV.
492 955 517 1012 t.
543 954 580 1012 16
603 948 695 1011 Haec
717 969 792 1012 cnm
814 947 934 1012 aarum
956 955 986 1012 et
1009 948 1197 1034 capitatam,
1220 970 1305 1013 eom-

152 1051 229 1115 nu'si
244 1059 366 1128 tamen,
388 1049 524 1123 indices,
541 1049 635 1126 Heio,
651 1048 808 1131 prodant
823 1070 897 1111 erim
906 1048 1026 1132 prima
1040 1050 1178 1129 aeliotae,
1201 1070 1304 1132 neque

151 1153 186 1216 id
222 1159 335 1216 tamen
371 1150 440 1213 ullo
470 1149 624 1232 pericula
657 1148 733 1230 feei.
783 1145 872 1222 Quid
909 1149 997 1213 enirn
1026 1156 1163 1232 poterat
1196 1150 1302 1219 Heina

152 1252 373 1336 respondere?
416 1271 477 1331 pro
506 1255 625 1315 Roscio
649 1255 756 1314 Amor.
778 1255 826 1312 35.
849 1256 889 1313 99
931 1249 1011 1314 Non
1043 1257 1127 1329 orat,
1160 1258 1197 1313 nt
1231 1271 1305 1314 eant

152 1359 279 1416 nortem
295 1349 484 1434 perripilet,
507 1356 544 1413 nt
566 1348 702 1413 honoria
723 1349 777 1412 arii
799 1370 903 1413 carrea
924 1349 1060 1429 laboret,
1089 1357 1126 1414 nt
1150 1347 1305 1433 Capitoni

152 1475 253 1535 qttrtut
270 1452 424 1535 primurn
439 1450 589 1515 nuntiet?
616 1447 706 1522 Quid
729 1457 810 1519 erat.
833 1451 921 1532 qnod
939 1446 1134 1533 Capitonem
1150 1451 1304 1533 primurn

150 1554 236 1617 seire
261 1550 381 1615 uoluit?
407 1568 411 1577 ’
1374 1538 1377 1543 ’

253 1657 418 1715 Affinitate
435 1657 576 1728 quadam
596 1672 671 1713 eum
691 1656 743 1712 illa
759 1657 927 1713 nominum
944 1657 1114 1715 iteratione
1131 1658 1306 1717 eoniuueta

151 1771 202 1818 est
225 1775 265 1817 ea
287 1758 445 1816 orationis
469 1756 695 1825 conformatio,
723 1772 785 1829 qua
808 1772 951 1830 persona
973 1757 1142 1829 quaedam,
1172 1759 1304 1819 nomine

151 1860 204 1918 vel
234 1858 430 1934 pronomine
464 1858 528 1915 iam
561 1856 731 1932 appellata,
764 1857 897 1914 nomine
920 1857 1118 1931 appellativo
1142 1859 1305 1932 repetitur,

152 1961 245 2034 quasi
268 1975 336 2017 non
360 1959 400 2015 de
424 1957 550 2028 eadem,
573 1957 633 2015 sed
648 1957 689 2014 de
705 1957 808 2013 altera
822 1965 938 2032 agatur
953 1972 1103 2032 persona.
1124 1986 1160 1993 —
1177 1957 1305 2015 Nomen

151 2059 385 2135 appellativum
418 2057 594 2128 antecedit,
628 2057 840 2130 sequiturque
873 2073 994 2115 nomen
1027 2057 1195 2131 proprium
1227 2058 1304 2115 Hor.

152 2176 252 2219 earm.
275 2157 327 2215 IV.
350 2158 376 2213 8.
400 2157 439 2214 22
463 2156 516 2226 (ef.
539 2171 648 2232 progr.
671 2155 776 2214 Berol.
801 2153 893 2223 1901)

554 2271 640 2345 Quid
662 2274 748 2332 foret
769 2273 846 2331 Iliae

405 2374 626 2448 Mavortisque
650 2390 738 2448 puer,
761 2375 788 2431 si
811 2374 1013 2432 taciturnitas

404 2476 551 2532 (abstaret
573 2474 696 2532 meritis
720 2475 832 2532 invida
853 2472 1004 2532 Romuli?

149 2595 204 2651 ubi
228 2608 289 2667 pro
307 2586 452 2663 Bornali,
476 2591 565 2665 quod
588 2592 630 2649 ad
653 2592 846 2649 sententiam
863 2599 951 2648 reete
968 2592 1214 2666 percipiendam
1234 2609 1304 2667 per-

150 2695 239 2763 tinet,
261 2692 340 2750 satis
363 2700 433 2749 6111
455 2691 564 2751 (116616
588 2686 665 2748 eiua.
710 2691 822 2764 Itaque
843 2691 1057 2762 Hermannus,
1080 2708 1120 2748 ne
1143 2692 1193 2748 bis
1216 2693 1304 2750 idem

150 2791 329 2862 diceretur,
357 2808 480 2850 nomen
512 2792 703 2849 mutandum
736 2792 870 2850 censuit.
919 2791 1032 2864 Neque
1069 2798 1179 2849 tumen
1215 2801 1309 2850 reete·

149 2893 309 2951 iudicavit
330 2893 396 2965 ille,
419 2909 461 2949 an
484 2891 560 2949 Hor.
585 2892 679 2966 epod.
702 2891 729 2949 3.
749 2893 776 2950 9.
819 2890 951 2949 Jasonis
975 2908 1096 2949 nomen
1117 2893 1304 2967 integritate

150 3000 256 3051 caret:

352 3099 387 3149 ut
409 3092 619 3168 Argonautas
642 3100 774 3167 praeter
796 3093 901 3149 omnis
926 3091 1103 3149 candidum

451 3191 567 3249 Medea
588 3192 704 3249 mirata
727 3200 776 3250 est
799 3192 925 3262 dueem,

352 3293 467 3367 ignota
489 3292 591 3348 tauris
614 3292 822 3368 inligaturum
845 3293 922 3367 iuga

452 3392 605 3465 perunxit
626 3393 689 3450 hoo
712 3391 879 3466 Jasonem,

150 3509 308 3581 Idemque
331 3509 488 3582 loquendi
510 3525 614 3584 genus
637 3510 801 3566 invenitur
822 3509 910 3583 apud
931 3508 1092 3566 Tibullum
1115 3503 1138 3567 I.
1163 3510 1187 3565 1.
1212 3510 1250 3564 ts

300 3626 512 3699 pomosisque
536 3625 633 3683 ruber
656 3634 767 3683 eustos
791 3635 933 3700 ponatur
956 3626 988 3682 iu
1012 3626 1124 3697 hortis
1211 3624 1215 3628 ’

302 3732 423 3783 1611611
444 3733 479 3782 ut
501 3741 600 3783 saeva
621 3725 705 3783 falae
728 3725 863 3800 Priapus
886 3742 974 3784 aves.

149 3841 189 3900 Et
212 3841 360 3899 similiter
382 3841 588 3900 conformata
611 3848 661 3899 est
684 3843 789 3899 oratio
812 3843 891 3899 Aen.
914 3841 965 3900 Vl.
988 3843 1049 3898 472
1072 3859 1140 3915 sqq.

303 3958 436 4016 tandem
459 3958 616 4032 eorripuit
638 3973 711 4015 sese
734 3964 830 4030 atque
853 3958 985 4029 inimica
1007 3958 1128 4032 refugit

301 4056 335 4113 in
357 4074 471 4116 nemus
493 4057 714 4128 umbriferum,
738 4058 882 4114 eoniunx
904 4058 961 4115 ubi
983 4058 1138 4132 pristinus
1161 4055 1205 4113 illi

302 4158 480 4231 respondet
503 4157 588 4215 euris
611 4165 793 4228 aequatque
816 4154 984 4229 Sychaeus
1007 4172 1161 4214 amorem.
