3102 4934
718 354 924 412 ..23-

243 539 304 613 plis
338 538 438 597 modo
469 539 694 597 demonstrata
728 539 835 597 elucet
862 538 996 597 cuncos
1022 537 1202 596 identidem
1229 538 1318 596 nulla
1342 555 1397 597 ne·

243 640 395 699 cessitate
418 645 553 698 coactos
582 635 783 696 aOicerone
810 638 1025 710 abiudicasse,
1060 653 1142 711 quae
1175 639 1217 696 ab
1251 654 1291 696 eo
1324 654 1397 714 pro-

240 740 330 798 iecta
363 755 436 798 esse
472 756 516 797 ex
548 739 657 796 multis
686 739 768 797 locis
796 738 995 797 concludere
1016 744 1166 812 possent.
1211 737 1305 797 Nunc
1332 740 1396 797 dno

241 841 396 915 exempla
417 839 542 897 attendi
564 839 641 897 utile
669 846 728 910 est,
761 855 845 913 quae
877 845 1030 913 suspecto
1059 836 1246 897 Cleomenis
1272 839 1397 897 nomini

241 940 442 998 adminiculo
467 946 554 997 sunt:

341 1039 434 1098 Tusa.
457 1038 511 1098 III.
536 1041 582 1098 15.
603 1039 641 1097 31
666 1034 731 1097 Hic
753 1041 801 1098 est
823 1032 912 1096 caim
933 1032 990 1096 ilie
1003 1032 1122 1096 »auitas
1144 1052 1275 1116 semper
1296 1032 1395 1113 idern,

238 1156 337 1218 paena
352 1134 479 1198 dieitur
494 1133 684 1217 Xanthippe
700 1134 905 1217 praedicare
930 1133 1032 1197 solita
1055 1132 1091 1196 ia
1114 1133 1187 1196 vire
1209 1153 1269 1196 sao
1287 1132 1396 1215 faisse

240 1234 388 1315 demate,
422 1235 535 1298 eadem
561 1253 691 1317 semper
712 1254 747 1298 se
769 1233 891 1298 vidisse
914 1239 1090 1297 casualem
1113 1232 1212 1296 illam
1241 1234 1339 1297 domo
1365 1240 1396 1296 et

238 1342 468 1398 revertentem.

234 1446 237 1453 ’
340 1440 402 1498 Hic
436 1456 567 1515 quoque
595 1440 740 1500 Socratis
765 1455 888 1498 nomen
914 1438 1111 1498 aMuellero
1135 1446 1168 1498 et
1189 1456 1209 1497 a
1231 1439 1394 1514 plerisque

240 1543 386 1616 priorum
419 1541 581 1599 editorum
615 1541 648 1598 in
680 1542 751 1598 vitii
786 1541 1008 1614 suspicionem
1035 1546 1189 1600 vocatum
1212 1547 1269 1611 est,
1295 1540 1394 1613 idque

238 1648 358 1699 contra
380 1642 578 1716 optimorum
601 1641 755 1699 codicum
781 1642 888 1711 fidem,
915 1638 1056 1699 Gudiani
1078 1648 1111 1699 et
1132 1641 1226 1717 Regii
1248 1640 1393 1711 Parisini,

241 1756 380 1816 quorum
412 1742 446 1799 in
483 1742 538 1800 illo
573 1734 750 1799 Socratem
782 1741 816 1798 in
849 1741 913 1799 hoc
946 1735 1116 1799 Socratem
1148 1741 1303 1799 traditum
1335 1748 1392 1799 est

237 1841 419 1916 Utrumque
453 1850 561 1900 autem
594 1842 742 1900 nonnihil
770 1842 983 1915 depravatum
1013 1857 1086 1899 esse
1113 1847 1191 1915 puto
1219 1841 1312 1900 etin
1336 1834 1390 1899 So-

239 1943 330 2000 crate
366 1958 439 2000 esse
477 1941 731 2013 emendandum,
776 1958 873 2014 quam
917 1942 1059 1999 nominis
1099 1940 1239 1999 formam
1283 1940 1391 1999 codex

239 2042 470 2113 Bruxeliensis,
492 2042 525 2098 in
549 2058 613 2115 quo
638 2042 754 2099 codice
778 2058 871 2100 erasa
886 2048 937 2100 est
951 2041 1060 2099 littera
1074 2048 1150 2115 post
1166 2032 1233 2117 „e“,
1250 2042 1391 2100 exhibet

236 2139 305 2200 Sed
330 2143 404 2199 leve
431 2141 511 2199 illud
536 2144 692 2200 mendum
720 2142 798 2199 mihi
823 2142 962 2200 videtur.
995 2169 1036 2178 -
1068 2140 1141 2198 Hoc
1174 2147 1283 2199 autem
1314 2142 1390 2200 loco
1434 2192 1438 2199 .

241 2258 322 2314 cum,
346 2242 472 2300 etiamsi
499 2241 642 2300 Socratis
670 2257 791 2300 nomen
817 2244 956 2314 abesset,
989 2246 1087 2300 nemo
1115 2241 1286 2314 dubitaret,
1319 2243 1390 2316 quis

240 2342 486 2418 significaretur,
520 2342 600 2399 illud
632 2358 755 2400 nomen
788 2343 1020 2417 interpolatum
1054 2358 1127 2401 esse
1155 2343 1257 2400 multo
1284 2343 1390 2401 minus

237 2442 416 2500 verisimile
439 2450 497 2514 est,
519 2442 583 2500 nisi
604 2443 689 2501 forte
711 2443 763 2501 vir
784 2443 868 2500 ullus
890 2444 924 2501 in
943 2442 1069 2501 deliciis
1085 2442 1237 2501 habuisse
1253 2448 1392 2516 putatur,

235 2543 435 2615 ubicumque
460 2543 522 2601 viri
543 2558 672 2615 vocem,
706 2544 759 2600 eui
786 2543 836 2601 vis
863 2543 970 2601 mariti
998 2551 1086 2602 esset
1112 2543 1268 2613 subiecta,
1300 2543 1390 2600 inve-

237 2644 348 2715 nisset,
383 2643 452 2700 eius
484 2644 546 2701 viri
579 2658 701 2702 nomen
734 2642 857 2702 addere
889 2644 943 2701 vel
975 2644 1009 2702 in
1042 2643 1190 2719 margine
1223 2643 1390 2702 adnotare

236 2742 294 2802 Sin
316 2751 373 2814 est,
399 2745 454 2816 qui
480 2745 525 2802 ita
552 2750 693 2816 censeat,
715 2759 826 2802 nonne
853 2744 1001 2802 eiusdem
1025 2743 1270 2818 interpolatoris
1292 2746 1389 2803 vesti-

240 2844 329 2919 gium
370 2845 472 2901 altero
508 2844 720 2902 Aeschrionis
764 2844 896 2902 nomine
941 2843 1087 2902 tollendo
1124 2844 1165 2902 ab
1204 2860 1243 2903 eo
1288 2845 1390 2903 deleri

237 2945 427 3017 oportebat:

237 3048 240 3057 '
340 3043 429 3102 Verr.
452 3042 507 3101 III.
531 3042 578 3101 33.
596 3045 633 3101 ii
658 3037 872 3103 Aeschrionis
895 3037 1106 3123 Syracusani
1128 3059 1217 3102 aecer
1239 3046 1287 3103 est
1301 3039 1390 3123 Pipa

240 3186 246 3200 .
271 3188 277 3200 .
302 3187 309 3201 .
336 3139 399 3202 Hic
421 3137 589 3216 Aeschrio,
612 3139 719 3221 Pipae
732 3138 794 3202 eir
816 3139 1039 3203 adumbratas
1062 3187 1068 3200 .
1094 3187 1100 3199 .
1126 3187 1132 3200 .

340 3242 501 3317 Quoniam
533 3245 633 3320 igitur
660 3252 847 3319 suspectum
874 3243 1060 3303 Cleomenis
1086 3259 1208 3304 nomen
1230 3246 1390 3319 exemplis

238 3345 318 3402 satis
341 3344 527 3402 confirmari
550 3346 856 3416 demonstravimus,
887 3345 1016 3419 plenius
1044 3352 1140 3418 atque
1167 3345 1299 3404 uberius
1327 3346 1390 3403 dis-

240 3445 364 3519 ceptari
386 3445 483 3502 liceat
505 3445 546 3503 de
568 3445 738 3502 nominum
760 3445 941 3517 iteratione,
964 3461 1047 3518 quae
1070 3444 1157 3502 haud
1178 3445 1247 3502 scio
1263 3462 1305 3503 an
1326 3446 1391 3503 hoc

239 3544 314 3602 loco
338 3543 378 3601 de
401 3545 534 3603 nomine
558 3544 728 3602 dubitandi
752 3560 851 3602 causa
872 3544 977 3602 fuerit.
1020 3542 1126 3618 Saepe
1149 3545 1236 3602 enim
1257 3546 1391 3603 nomina

237 3644 443 3702 accumulata
474 3645 692 3716 inveniuntur,
729 3645 856 3703 etiamsi
893 3660 1077 3719 pronomen
1113 3644 1287 3717 quoddam,
1323 3660 1390 3703 non

238 3744 391 3802 iteratum
412 3758 535 3802 nomen
558 3744 769 3816 desideratur,
793 3752 848 3803 aut
870 3751 1081 3820 exspectatur
1102 3752 1260 3802 neutrum.

339 3843 425 3902 Nihil
448 3846 580 3918 quidem
606 3846 679 3903 miri
706 3846 805 3903 habet
830 3846 999 3903 nominum
1033 3844 1251 3916 coacervatio
1284 3862 1391 3918 neque

239 3951 374 4018 propter
401 3961 473 4002 eam
495 3945 764 4019 interpolatorem
790 3945 960 4021 indagavit
988 3945 1166 4018 quisquam,
1193 3944 1391 4018 ubicumque

234 4044 410 4101 eiusmodi
426 4045 687 4102 coacervationis
700 4060 800 4102 eausa
811 4044 985 4103 manifesta
1000 4051 1057 4116 est,
1073 4044 1163 4103 velut
1174 4043 1264 4102 Verr.
1276 4044 1329 4102 ΠΙ.
1341 4045 1391 4102 61.

240 4142 298 4199 142
319 4136 430 4201 Simul
444 4138 532 4202 iliad
554 4138 702 4223 intellepi
717 4145 828 4222 potest
846 4139 945 4202 istius
966 4139 1002 4201 ia
1017 4137 1208 4222 Aproniam
1229 4138 1390 4218 studium,

237 4234 369 4320 Aproni
392 4238 433 4301 de
458 4238 521 4302 isto
548 4260 614 4302 aaa
641 4239 738 4303 raeda
765 4238 937 4319 confessio,
971 4259 1087 4302 aeram
1120 4239 1221 4303 etiarn
1253 4259 1391 4302 comme·
