3102 4934
689 637 716 690 4.

226 768 316 824 Alius
343 768 444 836 loeus,
472 767 526 840 qui
553 767 685 824 nomine
713 767 846 840 proprio
871 767 997 824 inoluso
1021 767 1138 824 editori
1161 767 1204 824 ad
1227 784 1276 824 sa-

126 870 261 927 nitatem
282 864 433 926 re'vooari
456 867 594 937 videtur,
618 867 736 943 legitur
757 865 847 924 Verr.
870 866 921 924 IV.
946 867 1068 935 511111
1095 861 1158 925 Hic
1180 860 1278 924 dolor

125 969 197 1026 erat
230 969 354 1033 tantas,
388 969 425 1025 at
458 956 616 1045 [Verris]
648 961 735 1025 aiter
762 960 870 1025 Oreas
902 963 1029 1039 venisse
1057 962 1213 1024 Hennam
1246 969 1277 1024 et

124 1083 191 1124 aaa
215 1062 456 1145 Proserpinam
479 1068 679 1143 asportasse,
702 1062 761 1124 1111
782 1061 893 1143 ipsam
915 1060 1102 1144 abripuisse
1124 1058 1276 1125 Cererem

124 1162 309 1241 videretur,-
340 1184 407 1226 non
435 1184 500 1240 quo
528 1168 679 1225 oodioum
707 1168 866 1225 lectiones
893 1184 1013 1225 nomen
1041 1168 1167 1225 auctori
1190 1167 1276 1224 attri-

124 1269 179 1326 bui
202 1268 407 1343 prohibeant,
440 1269 499 1326 sed
528 1269 604 1342 quia
626 1269 689 1325 hoo
713 1268 822 1326 omisit
844 1266 976 1326 Servius
999 1269 1040 1324 in
1055 1268 1276 1337 adnotatione,

124 1385 221 1440 quam
245 1369 375 1442 scripsit
398 1371 440 1427 sd
461 1367 557 1443 Verg.
581 1370 660 1426 Aen.
683 1368 737 1426 Vl.
760 1368 829 1437 273,
862 1369 949 1425 unde
982 1368 1046 1426 iam
1079 1365 1275 1425 Garatonius

123 1469 267 1544 glossam
301 1484 374 1526 esse
406 1483 528 1526 nomen
562 1469 797 1543 suspicabatur.
846 1465 918 1539 Qua
943 1468 984 1525 de
1012 1484 1047 1525 re
1076 1468 1276 1526 disserentes

123 1585 229 1641 neque
253 1569 447 1641 quaerimus,
474 1576 583 1626 utrum
605 1570 732 1626 facilius
759 1569 791 1625 in
820 1569 941 1641 scripta
962 1568 1109 1647 Tulliana
1131 1569 1276 1640 irrepere

122 1685 229 1725 snex
253 1669 496 1726 commentariis
523 1666 688 1727 Servianis
717 1669 872 1726 excidere
905 1662 1027 1727 nomen
1059 1668 1210 1742 potuerit,
1244 1672 1276 1723 et

122 1767 184 1825 hoc
213 1768 426 1826 consedimus
454 1766 568 1826 Servio
596 1767 708 1826 Verris
734 1784 855 1826 nomen
884 1768 1071 1826 addendum
1105 1768 1215 1835 fuisse,
1248 1767 1287 1823 si-

122 1869 254 1939 quidem
277 1867 386 1926 losum
408 1868 590 1926 Tullianum
619 1870 661 1926 ad
688 1870 826 1926 verbum
855 1869 1039 1942 exprimere
1073 1869 1143 1925 eius
1177 1870 1274 1924 inter·

122 1969 247 2026 inisset.
291 1965 356 2025 Sed
378 1969 529 2026 versibus
553 1968 615 2025 illis
637 1968 849 2044 Vergilianis:

274 2101 473 2158 vestibulum
496 2109 571 2158 anto
594 2101 700 2176 ipsum
722 2101 900 2175 primisque
923 2100 1128 2156 inl'auoihus
1152 2097 1229 2156 0111

272 2200 391 2258 Luotus
415 2209 446 2258 et
469 2201 602 2259 ultrices
626 2216 766 2275 posuere
789 2201 909 2259 sutilia
931 2198 1034 2257 Curae

121 2336 199 2392 nihil
223 2352 297 2393 oum
320 2336 374 2392 illo
398 2337 472 2393 loeo
495 2335 643 2393 Tulliano
668 2351 842 2394 commune
870 2343 920 2392 est
946 2335 1009 2392 nisi
1035 2333 1111 2392 Oroi
1144 2350 1274 2406 nomen,

119 2437 173 2509 qui
206 2437 280 2509 quis
315 2444 409 2503 esset,
443 2445 476 2493 ut
505 2436 794 2505 demonstraretur,
817 2434 927 2493 Vern's
950 2450 1071 2492 nomon
1094 2433 1171 2492 addi
1193 2434 1270 2490 nihil

123 2552 205 2610 opus
229 2542 306 2592 strat.
790 2612 792 2616 ,
864 2537 867 2548 '

219 2634 321 2703 Adde,
337 2636 425 2708 quod
442 2634 589 2692 Servium
606 2653 653 2706 ea,
669 2652 751 2709 quae
767 2636 809 2692 ad
824 2636 962 2693 verbum
984 2635 1098 2692 referri
1122 2633 1201 2690 nihil
1224 2635 1269 2690 in-

118 2744 247 2805 tererat,
280 2734 403 2792 eisdem
437 2736 548 2803 sorbis
575 2735 714 2794 reddere
742 2736 886 2793 noluisse
916 2733 1194 2807 sxadnotatione
1217 2734 1272 2790 illa

118 2846 267 2893 extrema
293 2846 441 2909 apparet,
474 2837 529 2893 ubi
558 2837 638 2894 haee
667 2836 832 2894 dicuntur:
862 2821 947 2892 ¹riam
974 2828 1081 2893 Oreas
1107 2829 1196 2891 idem
1224 2836 1271 2891 est

117 2929 227 2991 Plato.
252 2937 288 2991 at
310 2929 346 2991 ia
369 2930 519 2993 Verriais
541 2930 670 2993 iactitat
694 2926 807 2994 Cicero
835 2930 1023 2993 (1111111111
1051 2928 1139 2992 aiter
1162 2928 1270 2993 Oreas

117 3030 245 3092 vertisse
274 3029 430 3093 Hermam
465 3038 494 3092 et
527 3052 593 3093 aori
621 3031 863 3113 Proserpinam
893 3032 951 3092 sea
978 3030 1088 3113 ipsam
1118 3026 1271 3092 Cererem

117 3129 272 3212 rapuisse
300 3129 464 3192 viaeatur.
510 3129 592 3194 aiibi
614 3131 679 3194 ait:
712 3152 778 3213 aaa
800 3131 916 3193 Ditem
938 3137 1076 3213 patrem
1099 3129 1270 3192 eiaersisse

117 3231 158 3292 al>
195 3227 316 3311 asseris
346 3238 480 3312 patant.
521 3267 557 3273 —
595 3231 739 3294 dicimus
772 3238 884 3293 autem
917 3238 947 3292 et
976 3230 1027 3293 tic
1058 3230 1121 3292 Dis
1155 3236 1185 3291 11
1217 3228 1270 3291 tu:

118 3329 219 3391 Ditis.
256 3365 291 3372 -
327 3334 441 3408 Itaque
476 3334 608 3393 Servius
642 3337 704 3394 hoo
738 3337 812 3394 loeo
848 3338 944 3395 etiam
981 3345 1112 3411 praeter
1148 3353 1270 3393 nomen

118 3436 275 3492 omissum
311 3436 483 3509 aliquoties
521 3434 688 3494 Ciceronis
726 3439 907 3495 orationem
945 3453 1010 3494 non
1048 3437 1090 3494 ad
1132 3437 1269 3493 verbum

116 3535 247 3592 rettulit.

217 3634 266 3690 Ex
290 3637 446 3693 extremis
469 3644 577 3693 autem
593 3635 687 3694 Servi
709 3638 827 3708 verbis,
852 3639 877 3693 si
899 3638 940 3694 ad
955 3636 1045 3694 Verr.
1061 3635 1111 3695 IV.
1128 3638 1177 3694 48.
1196 3637 1267 3694 107:

115 3778 150 3791 ..
174 3781 179 3791 .
203 3749 269 3808 aaa
285 3729 399 3791 Ditem
414 3737 552 3812 patrem
570 3729 689 3811 ferant
711 3739 843 3812 repente
871 3752 945 3793 oasa
974 3751 1076 3793 111111
1104 3731 1270 3794 restitisse

116 3830 352 3909 abreptamque
379 3850 421 3891 ea
448 3850 483 3892 eo
517 3829 587 3891 ioco
620 3829 783 3913 vispinum
816 3851 927 3893 secam
961 3837 1153 3912 asportasse
1187 3836 1268 3893 refe-

115 3935 218 3992 reuda
241 3941 323 4004 sunt,
350 3935 581 4010 multomagis
609 3944 744 4008 apparet
772 3934 940 3992 Ciceronis
966 3937 1076 4005 verba,
1109 3936 1171 4007 nisi
1198 3952 1269 4009 pra·

115 4035 250 4091 vitatem
282 4050 360 4107 prae
394 4051 429 4091 se
462 4037 575 4105 ierant,
609 4033 766 4092 Seruiana
799 4037 1012 4094 adnotatione
1045 4044 1168 4093 temero
1201 4051 1269 4092 non
1361 4067 1368 4087 2

116 4150 189 4191 esse
219 4134 385 4193 mutanda.
428 4135 575 4205 Aooedit,
608 4135 697 4208 quod
731 4152 773 4192 ex
806 4133 971 4193 Servianis
1004 4135 1128 4192 verbis:
1162 4135 1199 4191 at
1233 4129 1268 4190 m
1350 4143 1352 4149 '

122 4227 274 4289 latrinis
309 4227 437 4291 indicat
470 4226 583 4292 Cicero
620 4230 747 4299 diosas:
775 4294 777 4298 ,
801 4236 838 4290 at
874 4229 961 4292 alter
998 4230 1104 4291 0111111
1140 4225 1267 4319 uenisse
