<?xml version="1.0" encoding="UTF-8"?>
<!DOCTYPE html PUBLIC "-//W3C//DTD XHTML 1.0 Transitional//EN"
    "http://www.w3.org/TR/xhtml1/DTD/xhtml1-transitional.dtd">
<html xmlns="http://www.w3.org/1999/xhtml" xml:lang="en" lang="en">
 <head>
  <title>
</title>
<meta http-equiv="Content-Type" content="text/html;charset=utf-8" />
  <meta name='ocr-system' content='tesseract 3.04.00' />
  <meta name='ocr-capabilities' content='ocr_page ocr_carea ocr_par ocr_line ocrx_word'/>
</head>
<body>
  <div class='ocr_page' id='page_1' title='image "./deciceronisnomi00schrgoog_0021.png"; bbox 0 0 3102 4934; ppageno 0'>
   <div class='ocr_carea' id='block_1_1' title="bbox 734 325 936 383">
    <p class='ocr_par' dir='ltr' id='par_1_1' title="bbox 734 325 936 383">
     <span class='ocr_line' id='line_1_1' title="bbox 734 325 936 383; baseline -0.01 -16"><span class='ocrx_word' id='word_1_1' title='bbox 734 325 936 383; x_wconf 75' lang='lat'>..10-</span> 
     </span>
    </p>
   </div>
   <div class='ocr_carea' id='block_1_2' title="bbox 169 506 1450 3101">
    <p class='ocr_par' dir='ltr' id='par_1_2' title="bbox 257 506 1409 1991">
     <span class='ocr_line' id='line_1_2' title="bbox 260 506 1408 592; baseline 0.005 -21"><span class='ocrx_word' id='word_1_2' title='bbox 260 521 380 573; x_wconf 89' lang='lat' dir='ltr'>statuat</span> <span class='ocrx_word' id='word_1_3' title='bbox 397 517 513 574; x_wconf 86' lang='lat' dir='ltr'>verba:</span> <span class='ocrx_word' id='word_1_4' title='bbox 536 508 629 587; x_wconf 74' lang='grc' dir='ltr'><em>Ζεύς·</em></span> <span class='ocrx_word' id='word_1_5' title='bbox 647 562 653 574; x_wconf 88' lang='grc'><strong>.</strong></span> <span class='ocrx_word' id='word_1_6' title='bbox 669 562 674 574; x_wconf 91' lang='grc'><strong>.</strong></span> <span class='ocrx_word' id='word_1_7' title='bbox 691 565 697 576; x_wconf 90' lang='grc'><strong>.</strong></span> <span class='ocrx_word' id='word_1_8' title='bbox 713 506 906 574; x_wconf 69' lang='grc' dir='ltr'><em>ἀπόλλυται.</em></span> <span class='ocrx_word' id='word_1_9' title='bbox 934 515 999 574; x_wconf 82' lang='lat' dir='ltr'>Sed</span> <span class='ocrx_word' id='word_1_10' title='bbox 1017 516 1175 574; x_wconf 86' lang='lat' dir='ltr'>faciamus</span> <span class='ocrx_word' id='word_1_11' title='bbox 1191 533 1264 576; x_wconf 91' lang='lat' dir='ltr'>esse</span> <span class='ocrx_word' id='word_1_12' title='bbox 1287 519 1408 592; x_wconf 90' lang='lat' dir='ltr'>aliquid</span> 
     </span>
     <span class='ocr_line' id='line_1_3' title="bbox 260 616 1408 692; baseline 0.004 -20"><span class='ocrx_word' id='word_1_13' title='bbox 260 616 292 672; x_wconf 91' lang='lat' dir='ltr'>in</span> <span class='ocrx_word' id='word_1_14' title='bbox 314 616 473 688; x_wconf 85' lang='lat' dir='ltr'>versibus,</span> <span class='ocrx_word' id='word_1_15' title='bbox 507 619 596 692; x_wconf 90' lang='lat' dir='ltr'>quod</span> <span class='ocrx_word' id='word_1_16' title='bbox 630 617 869 676; x_wconf 90' lang='lat' dir='ltr'>emendandum</span> <span class='ocrx_word' id='word_1_17' title='bbox 903 618 953 687; x_wconf 85' lang='lat' dir='ltr'>sit,</span> <span class='ocrx_word' id='word_1_18' title='bbox 985 632 1064 675; x_wconf 93' lang='lat' dir='ltr'>num</span> <span class='ocrx_word' id='word_1_19' title='bbox 1087 618 1129 674; x_wconf 90' lang='lat' dir='ltr'>ob</span> <span class='ocrx_word' id='word_1_20' title='bbox 1152 618 1235 676; x_wconf 92' lang='lat' dir='ltr'>hanc</span> <span class='ocrx_word' id='word_1_21' title='bbox 1257 635 1327 677; x_wconf 88' lang='lat' dir='ltr'>rem</span> <span class='ocrx_word' id='word_1_22' title='bbox 1349 621 1408 677; x_wconf 89' lang='lat' dir='ltr'>toti</span> 
     </span>
     <span class='ocr_line' id='line_1_4' title="bbox 258 715 1407 794; baseline 0.006 -23"><span class='ocrx_word' id='word_1_23' title='bbox 258 732 374 774; x_wconf 86' lang='lat' dir='ltr'>versus</span> <span class='ocrx_word' id='word_1_24' title='bbox 398 725 528 792; x_wconf 76' lang='lat' dir='ltr'>oportet</span> <span class='ocrx_word' id='word_1_25' title='bbox 550 719 583 775; x_wconf 92' lang='lat' dir='ltr'>in</span> <span class='ocrx_word' id='word_1_26' title='bbox 599 718 819 794; x_wconf 84' lang='lat' dir='ltr'>suspicionem</span> <span class='ocrx_word' id='word_1_27' title='bbox 835 715 1016 775; x_wconf 85' lang='lat' dir='ltr'>vocentur?</span> <span class='ocrx_word' id='word_1_28' title='bbox 1037 717 1136 790; x_wconf 87' lang='lat' dir='ltr'>Atqui</span> <span class='ocrx_word' id='word_1_29' title='bbox 1151 733 1192 774; x_wconf 92' lang='lat' dir='ltr'>ne</span> <span class='ocrx_word' id='word_1_30' title='bbox 1207 718 1262 776; x_wconf 90' lang='lat' dir='ltr'>illa</span> <span class='ocrx_word' id='word_1_31' title='bbox 1277 719 1407 792; x_wconf 91' lang='lat' dir='ltr'>quidem</span> 
     </span>
     <span class='ocr_line' id='line_1_5' title="bbox 258 818 1407 893; baseline 0.003 -20"><span class='ocrx_word' id='word_1_32' title='bbox 258 832 413 875; x_wconf 88' lang='lat' dir='ltr'>versuum</span> <span class='ocrx_word' id='word_1_33' title='bbox 441 819 608 877; x_wconf 79' lang='lat' dir='ltr'>discordia</span> <span class='ocrx_word' id='word_1_34' title='bbox 634 835 717 893; x_wconf 90' lang='lat' dir='ltr'>quae</span> <span class='ocrx_word' id='word_1_35' title='bbox 741 834 813 876; x_wconf 89' lang='lat' dir='ltr'>esse</span> <span class='ocrx_word' id='word_1_36' title='bbox 839 824 971 893; x_wconf 86' lang='lat' dir='ltr'>putatur</span> <span class='ocrx_word' id='word_1_37' title='bbox 1002 824 1120 888; x_wconf 89' lang='lat' dir='ltr'>manet,</span> <span class='ocrx_word' id='word_1_38' title='bbox 1153 818 1180 875; x_wconf 93' lang='lat' dir='ltr'>si</span> <span class='ocrx_word' id='word_1_39' title='bbox 1206 820 1309 877; x_wconf 87' lang='lat' dir='ltr'>verba</span> <span class='ocrx_word' id='word_1_40' title='bbox 1330 832 1407 877; x_wconf 78' lang='lat' dir='ltr'>‹tuv-</span> 
     </span>
     <span class='ocr_line' id='line_1_6' title="bbox 260 909 1408 1001; baseline 0.005 -28"><span class='ocrx_word' id='word_1_41' title='bbox 260 910 391 1001; x_wconf 64' lang='grc' dir='ltr'><strong><em>θνῄσκει</em></strong></span> <span class='ocrx_word' id='word_1_42' title='bbox 414 927 446 976; x_wconf 90' lang='grc'>11</span> <span class='ocrx_word' id='word_1_43' title='bbox 468 909 525 978; x_wconf 77' lang='grc' dir='ltr'>οὐκ</span> <span class='ocrx_word' id='word_1_44' title='bbox 547 910 734 978; x_wconf 72' lang='grc' dir='ltr'><em>ἀπόλλυται</em></span> <span class='ocrx_word' id='word_1_45' title='bbox 756 935 828 977; x_wconf 89' lang='grc'><strong>1111</strong></span> <span class='ocrx_word' id='word_1_46' title='bbox 851 918 938 976; x_wconf 89' lang='lat' dir='ltr'>inter</span> <span class='ocrx_word' id='word_1_47' title='bbox 959 934 994 975; x_wconf 91' lang='lat' dir='ltr'>se</span> <span class='ocrx_word' id='word_1_48' title='bbox 1018 919 1183 976; x_wconf 87' lang='lat' dir='ltr'>contraria</span> <span class='ocrx_word' id='word_1_49' title='bbox 1196 920 1311 995; x_wconf 87' lang='lat' dir='ltr'>negari</span> <span class='ocrx_word' id='word_1_50' title='bbox 1325 920 1408 981; x_wconf 87' lang='lat' dir='ltr'>lieet</span> 
     </span>
     <span class='ocr_line' id='line_1_7' title="bbox 258 1008 1409 1094; baseline 0.002 -18"><span class='ocrx_word' id='word_1_51' title='bbox 258 1020 298 1076; x_wconf 82' lang='lat' dir='ltr'>Et</span> <span class='ocrx_word' id='word_1_52' title='bbox 330 1020 414 1091; x_wconf 83' lang='lat' dir='ltr'>licet,</span> <span class='ocrx_word' id='word_1_53' title='bbox 448 1020 475 1077; x_wconf 91' lang='lat' dir='ltr'>si</span> <span class='ocrx_word' id='word_1_54' title='bbox 507 1020 639 1094; x_wconf 90' lang='lat' dir='ltr'>quidem</span> <span class='ocrx_word' id='word_1_55' title='bbox 671 1035 787 1077; x_wconf 89' lang='lat' dir='ltr'>versus</span> <span class='ocrx_word' id='word_1_56' title='bbox 822 1020 901 1076; x_wconf 88' lang='grc'>1444</span> <span class='ocrx_word' id='word_1_57' title='bbox 934 1019 1037 1076; x_wconf 85' lang='lat' dir='ltr'>verba</span> <span class='ocrx_word' id='word_1_58' title='bbox 1068 1008 1129 1076; x_wconf 75' lang='grc' dir='ltr'>κᾶν</span> <span class='ocrx_word' id='word_1_59' title='bbox 1161 1008 1319 1091; x_wconf 62' lang='lat' dir='ltr'>deracau,</span> <span class='ocrx_word' id='word_1_60' title='bbox 1352 1011 1409 1078; x_wconf 67' lang='lat' dir='ltr'>oia</span> 
     </span>
     <span class='ocr_line' id='line_1_8' title="bbox 258 1110 1409 1197; baseline 0.004 -21"><span class='ocrx_word' id='word_1_61' title='bbox 258 1110 444 1179; x_wconf 79' lang='grc' dir='ltr'><em>ἀπόλλυται</em></span> <span class='ocrx_word' id='word_1_62' title='bbox 476 1122 529 1192; x_wconf 87' lang='grc'><strong>111,</strong></span> <span class='ocrx_word' id='word_1_63' title='bbox 571 1130 607 1179; x_wconf 93' lang='lat' dir='ltr'>ut</span> <span class='ocrx_word' id='word_1_64' title='bbox 633 1137 676 1178; x_wconf 88' lang='lat' dir='ltr'>ex</span> <span class='ocrx_word' id='word_1_65' title='bbox 701 1121 766 1179; x_wconf 90' lang='lat' dir='ltr'>loci</span> <span class='ocrx_word' id='word_1_66' title='bbox 798 1119 961 1178; x_wconf 89' lang='lat' dir='ltr'>sententia</span> <span class='ocrx_word' id='word_1_67' title='bbox 992 1120 1146 1194; x_wconf 89' lang='lat' dir='ltr'>poscitur,</span> <span class='ocrx_word' id='word_1_68' title='bbox 1178 1120 1409 1197; x_wconf 82' lang='lat' dir='ltr'>intelleguntur</span> 
     </span>
     <span class='ocr_line' id='line_1_9' title="bbox 257 1212 1409 1296; baseline -0.001 -16"><span class='ocrx_word' id='word_1_69' title='bbox 257 1223 291 1280; x_wconf 93' lang='lat' dir='ltr'>id</span> <span class='ocrx_word' id='word_1_70' title='bbox 314 1223 403 1296; x_wconf 92' lang='lat' dir='ltr'>qnod</span> <span class='ocrx_word' id='word_1_71' title='bbox 425 1223 495 1280; x_wconf 90' lang='lat' dir='ltr'>fieri</span> <span class='ocrx_word' id='word_1_72' title='bbox 521 1238 620 1296; x_wconf 92' lang='lat' dir='ltr'>posse</span> <span class='ocrx_word' id='word_1_73' title='bbox 652 1221 843 1296; x_wconf 89' lang='lat' dir='ltr'>putaverim.</span> <span class='ocrx_word' id='word_1_74' title='bbox 889 1219 996 1278; x_wconf 90' lang='lat' dir='ltr'>Verba</span> <span class='ocrx_word' id='word_1_75' title='bbox 1029 1221 1116 1278; x_wconf 90' lang='lat' dir='ltr'>enim</span> <span class='ocrx_word' id='word_1_76' title='bbox 1149 1212 1209 1277; x_wconf 79' lang='grc' dir='ltr'>κᾶν</span> <span class='ocrx_word' id='word_1_77' title='bbox 1241 1213 1315 1290; x_wconf 72' lang='grc' dir='ltr'>ζῶσι</span> <span class='ocrx_word' id='word_1_78' title='bbox 1349 1213 1409 1279; x_wconf 81' lang='grc' dir='ltr'>κᾶν</span> 
     </span>
     <span class='ocr_line' id='line_1_10' title="bbox 257 1312 1408 1399; baseline 0.001 -19"><span class='ocrx_word' id='word_1_79' title='bbox 257 1312 408 1380; x_wconf 57' lang='lat' dir='ltr'>dereiner</span> <span class='ocrx_word' id='word_1_80' title='bbox 430 1337 498 1379; x_wconf 92' lang='lat' dir='ltr'>non</span> <span class='ocrx_word' id='word_1_81' title='bbox 526 1323 574 1380; x_wconf 91' lang='lat' dir='ltr'>sic</span> <span class='ocrx_word' id='word_1_82' title='bbox 600 1321 793 1395; x_wconf 89' lang='lat' dir='ltr'>accipienda</span> <span class='ocrx_word' id='word_1_83' title='bbox 825 1327 912 1379; x_wconf 89' lang='lat' dir='ltr'>sunt:</span> <span class='ocrx_word' id='word_1_84' title='bbox 945 1321 1032 1391; x_wconf 85' lang='lat' dir='ltr'>„sive</span> <span class='ocrx_word' id='word_1_85' title='bbox 1055 1328 1130 1379; x_wconf 89' lang='lat' dir='ltr'>sunt</span> <span class='ocrx_word' id='word_1_86' title='bbox 1157 1320 1213 1390; x_wconf 89' lang='lat' dir='ltr'>(sc.</span> <span class='ocrx_word' id='word_1_87' title='bbox 1235 1320 1408 1399; x_wconf 83' lang='lat' dir='ltr'>homines),</span> 
     </span>
     <span class='ocr_line' id='line_1_11' title="bbox 258 1417 1407 1497; baseline 0.003 -16"><span class='ocrx_word' id='word_1_88' title='bbox 258 1424 327 1482; x_wconf 87' lang='lat' dir='ltr'>sive</span> <span class='ocrx_word' id='word_1_89' title='bbox 351 1438 418 1480; x_wconf 91' lang='lat' dir='ltr'>non</span> <span class='ocrx_word' id='word_1_90' title='bbox 437 1423 502 1480; x_wconf 91' lang='lat' dir='ltr'>iam</span> <span class='ocrx_word' id='word_1_91' title='bbox 525 1417 624 1494; x_wconf 90' lang='lat' dir='ltr'>sunt‚“</span> <span class='ocrx_word' id='word_1_92' title='bbox 648 1422 708 1480; x_wconf 89' lang='lat' dir='ltr'>sed</span> <span class='ocrx_word' id='word_1_93' title='bbox 729 1421 775 1479; x_wconf 90' lang='lat' dir='ltr'>ita</span> <span class='ocrx_word' id='word_1_94' title='bbox 795 1421 882 1479; x_wconf 87' lang='lat' dir='ltr'>fere:</span> <span class='ocrx_word' id='word_1_95' title='bbox 905 1422 993 1492; x_wconf 84' lang='lat' dir='ltr'>„sive</span> <span class='ocrx_word' id='word_1_96' title='bbox 1015 1422 1122 1480; x_wconf 91' lang='lat' dir='ltr'>lucem</span> <span class='ocrx_word' id='word_1_97' title='bbox 1145 1423 1314 1497; x_wconf 86' lang='lat' dir='ltr'>aspiciunt,</span> <span class='ocrx_word' id='word_1_98' title='bbox 1337 1426 1407 1485; x_wconf 85' lang='lat' dir='ltr'>sive</span> 
     </span>
     <span class='ocr_line' id='line_1_12' title="bbox 257 1517 1408 1599; baseline 0.003 -18"><span class='ocrx_word' id='word_1_99' title='bbox 257 1524 346 1599; x_wconf 87' lang='lat' dir='ltr'>apud</span> <span class='ocrx_word' id='word_1_100' title='bbox 370 1524 494 1581; x_wconf 84' lang='lat' dir='ltr'>inferos</span> <span class='ocrx_word' id='word_1_101' title='bbox 528 1517 627 1581; x_wconf 88' lang='lat' dir='ltr'>sunt.“</span> <span class='ocrx_word' id='word_1_102' title='bbox 671 1519 797 1594; x_wconf 82' lang='lat' dir='ltr'>Quodsi</span> <span class='ocrx_word' id='word_1_103' title='bbox 823 1522 904 1580; x_wconf 90' lang='lat' dir='ltr'>haec</span> <span class='ocrx_word' id='word_1_104' title='bbox 930 1523 1033 1579; x_wconf 85' lang='lat' dir='ltr'>verba</span> <span class='ocrx_word' id='word_1_105' title='bbox 1065 1529 1154 1580; x_wconf 92' lang='lat' dir='ltr'>recte</span> <span class='ocrx_word' id='word_1_106' title='bbox 1181 1523 1408 1599; x_wconf 79' lang='lat' dir='ltr'>intelleximus,</span> 
     </span>
     <span class='ocr_line' id='line_1_13' title="bbox 257 1614 1408 1706; baseline 0.003 -24"><span class='ocrx_word' id='word_1_107' title='bbox 257 1625 367 1682; x_wconf 85' lang='lat' dir='ltr'>verbis</span> <span class='ocrx_word' id='word_1_108' title='bbox 389 1614 583 1706; x_wconf 71' lang='grc' dir='ltr'><strong><em>συνθνῄσκεν</em></strong></span> <span class='ocrx_word' id='word_1_109' title='bbox 605 1621 730 1701; x_wconf 72' lang='grc' dir='ltr'><strong><em>βροτοῖς</em></strong></span> <span class='ocrx_word' id='word_1_110' title='bbox 750 1637 818 1680; x_wconf 91' lang='lat' dir='ltr'>non</span> <span class='ocrx_word' id='word_1_111' title='bbox 841 1623 1055 1697; x_wconf 85' lang='lat' dir='ltr'>significatur:</span> <span class='ocrx_word' id='word_1_112' title='bbox 1080 1623 1194 1698; x_wconf 86' lang='lat' dir='ltr'>„simul</span> <span class='ocrx_word' id='word_1_113' title='bbox 1209 1640 1283 1682; x_wconf 90' lang='lat' dir='ltr'>cum</span> <span class='ocrx_word' id='word_1_114' title='bbox 1306 1626 1408 1685; x_wconf 91' lang='lat' dir='ltr'>homi·</span> 
     </span>
     <span class='ocr_line' id='line_1_14' title="bbox 257 1713 1407 1799; baseline 0.003 -17"><span class='ocrx_word' id='word_1_115' title='bbox 257 1725 352 1782; x_wconf 90' lang='lat' dir='ltr'>nibus</span> <span class='ocrx_word' id='word_1_116' title='bbox 374 1725 427 1781; x_wconf 84' lang='lat' dir='ltr'>vel</span> <span class='ocrx_word' id='word_1_117' title='bbox 449 1724 640 1783; x_wconf 81' lang='lat' dir='ltr'>mortalibus</span> <span class='ocrx_word' id='word_1_118' title='bbox 663 1724 747 1799; x_wconf 90' lang='lat' dir='ltr'>perit</span> <span class='ocrx_word' id='word_1_119' title='bbox 771 1721 827 1792; x_wconf 89' lang='lat' dir='ltr'>(sc.</span> <span class='ocrx_word' id='word_1_120' title='bbox 842 1713 992 1797; x_wconf 78' lang='lat' dir='ltr'>pietas)“‚</span> <span class='ocrx_word' id='word_1_121' title='bbox 1015 1723 1088 1781; x_wconf 89' lang='lat' dir='ltr'>sed:</span> <span class='ocrx_word' id='word_1_122' title='bbox 1113 1723 1235 1799; x_wconf 81' lang='lat' dir='ltr'>„pietas</span> <span class='ocrx_word' id='word_1_123' title='bbox 1258 1725 1407 1785; x_wconf 90' lang='lat' dir='ltr'>homines</span> 
     </span>
     <span class='ocr_line' id='line_1_15' title="bbox 257 1812 1406 1899; baseline 0.002 -17"><span class='ocrx_word' id='word_1_124' title='bbox 257 1825 299 1882; x_wconf 90' lang='lat' dir='ltr'>ad</span> <span class='ocrx_word' id='word_1_125' title='bbox 314 1824 437 1882; x_wconf 90' lang='lat' dir='ltr'>inferos</span> <span class='ocrx_word' id='word_1_126' title='bbox 452 1824 699 1899; x_wconf 88' lang='lat' dir='ltr'>proficiscentes</span> <span class='ocrx_word' id='word_1_127' title='bbox 715 1812 922 1896; x_wconf 86' lang='lat' dir='ltr'>comitatur“;</span> <span class='ocrx_word' id='word_1_128' title='bbox 944 1824 989 1881; x_wconf 91' lang='lat' dir='ltr'>ibi</span> <span class='ocrx_word' id='word_1_129' title='bbox 1004 1832 1114 1881; x_wconf 90' lang='lat' dir='ltr'>autem</span> <span class='ocrx_word' id='word_1_130' title='bbox 1129 1825 1266 1883; x_wconf 84' lang='lat' dir='ltr'>mortuis</span> <span class='ocrx_word' id='word_1_131' title='bbox 1281 1827 1406 1885; x_wconf 91' lang='lat' dir='ltr'>iudices</span> 
     </span>
     <span class='ocr_line' id='line_1_16' title="bbox 258 1916 803 1991; baseline -0.004 -9"><span class='ocrx_word' id='word_1_132' title='bbox 258 1926 426 1983; x_wconf 90' lang='lat' dir='ltr'>constituti</span> <span class='ocrx_word' id='word_1_133' title='bbox 448 1941 521 1982; x_wconf 90' lang='lat' dir='ltr'>esse</span> <span class='ocrx_word' id='word_1_134' title='bbox 545 1916 803 1991; x_wconf 76' lang='lat' dir='ltr'>credebantur.’¹‘)</span> 
     </span>
    </p>

    <p class='ocr_par' dir='ltr' id='par_1_3' title="bbox 169 2023 1450 3101">
     <span class='ocr_line' id='line_1_17' title="bbox 356 2023 1406 2099; baseline 0.005 -17"><span class='ocrx_word' id='word_1_135' title='bbox 356 2023 422 2083; x_wconf 81' lang='lat' dir='ltr'>Sed</span> <span class='ocrx_word' id='word_1_136' title='bbox 443 2031 516 2082; x_wconf 86' lang='lat' dir='ltr'>utut</span> <span class='ocrx_word' id='word_1_137' title='bbox 537 2041 590 2083; x_wconf 91' lang='lat' dir='ltr'>res</span> <span class='ocrx_word' id='word_1_138' title='bbox 614 2041 650 2083; x_wconf 92' lang='lat' dir='ltr'>se</span> <span class='ocrx_word' id='word_1_139' title='bbox 672 2025 778 2095; x_wconf 87' lang='lat' dir='ltr'>habet,</span> <span class='ocrx_word' id='word_1_140' title='bbox 801 2025 829 2082; x_wconf 89' lang='lat' dir='ltr'>si</span> <span class='ocrx_word' id='word_1_141' title='bbox 850 2041 973 2082; x_wconf 90' lang='lat' dir='ltr'>nomen</span> <span class='ocrx_word' id='word_1_142' title='bbox 994 2024 1163 2099; x_wconf 89' lang='lat' dir='ltr'>proprium</span> <span class='ocrx_word' id='word_1_143' title='bbox 1179 2026 1318 2097; x_wconf 85' lang='lat' dir='ltr'>abesset,</span> <span class='ocrx_word' id='word_1_144' title='bbox 1340 2028 1406 2087; x_wconf 88' lang='lat' dir='ltr'>for-</span> 
     </span>
     <span class='ocr_line' id='line_1_18' title="bbox 256 2123 1407 2200; baseline 0.004 -18"><span class='ocrx_word' id='word_1_145' title='bbox 256 2133 343 2183; x_wconf 86' lang='lat' dir='ltr'>tasse</span> <span class='ocrx_word' id='word_1_146' title='bbox 358 2141 474 2183; x_wconf 88' lang='lat' dir='ltr'>versus</span> <span class='ocrx_word' id='word_1_147' title='bbox 491 2124 721 2182; x_wconf 79' lang='lat' dir='ltr'>emendatione</span> <span class='ocrx_word' id='word_1_148' title='bbox 738 2123 831 2200; x_wconf 80' lang='lat' dir='ltr'>digni</span> <span class='ocrx_word' id='word_1_149' title='bbox 845 2124 892 2180; x_wconf 90' lang='lat' dir='ltr'>illi</span> <span class='ocrx_word' id='word_1_150' title='bbox 914 2124 1055 2197; x_wconf 85' lang='lat' dir='ltr'>quidem,</span> <span class='ocrx_word' id='word_1_151' title='bbox 1078 2123 1138 2182; x_wconf 90' lang='lat' dir='ltr'>sed</span> <span class='ocrx_word' id='word_1_152' title='bbox 1159 2126 1318 2186; x_wconf 76' lang='lat' dir='ltr'>reiciendi</span> <span class='ocrx_word' id='word_1_153' title='bbox 1339 2144 1407 2187; x_wconf 92' lang='lat' dir='ltr'>non</span> 
     </span>
     <span class='ocr_line' id='line_1_19' title="bbox 256 2223 1406 2300; baseline 0.004 -18"><span class='ocrx_word' id='word_1_154' title='bbox 256 2231 455 2300; x_wconf 89' lang='lat' dir='ltr'>putarentur.</span> <span class='ocrx_word' id='word_1_155' title='bbox 514 2223 589 2283; x_wconf 87' lang='lat' dir='ltr'>Jam</span> <span class='ocrx_word' id='word_1_156' title='bbox 623 2224 701 2282; x_wconf 91' lang='lat' dir='ltr'>satis</span> <span class='ocrx_word' id='word_1_157' title='bbox 734 2223 821 2281; x_wconf 90' lang='lat' dir='ltr'>clare</span> <span class='ocrx_word' id='word_1_158' title='bbox 855 2240 898 2281; x_wconf 88' lang='lat' dir='ltr'>ex</span> <span class='ocrx_word' id='word_1_159' title='bbox 930 2225 994 2282; x_wconf 94' lang='lat' dir='ltr'>hoc</span> <span class='ocrx_word' id='word_1_160' title='bbox 1025 2224 1101 2282; x_wconf 87' lang='lat' dir='ltr'>loeo</span> <span class='ocrx_word' id='word_1_161' title='bbox 1136 2224 1249 2297; x_wconf 86' lang='lat' dir='ltr'>elucet,</span> <span class='ocrx_word' id='word_1_162' title='bbox 1283 2235 1406 2300; x_wconf 67' lang='lat' dir='ltr'>(quanto</span> 
     </span>
     <span class='ocr_line' id='line_1_20' title="bbox 169 2316 1406 2405; baseline 0.003 -22"><span class='ocrx_word' id='word_1_163' title='bbox 169 2316 172 2319; x_wconf 66' lang='grc'><strong>’</strong></span> <span class='ocrx_word' id='word_1_164' title='bbox 256 2325 365 2384; x_wconf 90' lang='lat' dir='ltr'>studio</span> <span class='ocrx_word' id='word_1_165' title='bbox 391 2326 526 2383; x_wconf 89' lang='lat' dir='ltr'>nomina</span> <span class='ocrx_word' id='word_1_166' title='bbox 551 2326 685 2400; x_wconf 90' lang='lat' dir='ltr'>propria</span> <span class='ocrx_word' id='word_1_167' title='bbox 711 2326 744 2382; x_wconf 93' lang='lat' dir='ltr'>in</span> <span class='ocrx_word' id='word_1_168' title='bbox 766 2324 836 2382; x_wconf 88' lang='lat' dir='ltr'>vitii</span> <span class='ocrx_word' id='word_1_169' title='bbox 860 2325 1079 2399; x_wconf 78' lang='lat' dir='ltr'>suspicionem</span> <span class='ocrx_word' id='word_1_170' title='bbox 1103 2341 1224 2384; x_wconf 89' lang='lat' dir='ltr'>vocare</span> <span class='ocrx_word' id='word_1_171' title='bbox 1246 2344 1406 2405; x_wconf 85' lang='lat' dir='ltr'>persaepe</span> 
     </span>
     <span class='ocr_line' id='line_1_21' title="bbox 256 2424 1406 2500; baseline 0.001 -15"><span class='ocrx_word' id='word_1_172' title='bbox 256 2426 377 2485; x_wconf 87' lang='lat' dir='ltr'>criticis</span> <span class='ocrx_word' id='word_1_173' title='bbox 410 2426 551 2500; x_wconf 83' lang='lat' dir='ltr'>placeat3</span> <span class='ocrx_word' id='word_1_174' title='bbox 585 2425 694 2499; x_wconf 90' lang='lat' dir='ltr'>itaque</span> <span class='ocrx_word' id='word_1_175' title='bbox 727 2440 857 2495; x_wconf 88' lang='lat' dir='ltr'>nomen,</span> <span class='ocrx_word' id='word_1_176' title='bbox 889 2425 935 2482; x_wconf 91' lang='lat' dir='ltr'>ita</span> <span class='ocrx_word' id='word_1_177' title='bbox 956 2432 991 2482; x_wconf 92' lang='lat' dir='ltr'>ut</span> <span class='ocrx_word' id='word_1_178' title='bbox 1013 2424 1131 2498; x_wconf 92' lang='lat' dir='ltr'>Polybi</span> <span class='ocrx_word' id='word_1_179' title='bbox 1153 2441 1274 2484; x_wconf 88' lang='lat' dir='ltr'>nomen</span> <span class='ocrx_word' id='word_1_180' title='bbox 1306 2428 1406 2487; x_wconf 92' lang='lat' dir='ltr'>collo-</span> 
     </span>
     <span class='ocr_line' id='line_1_22' title="bbox 256 2523 1406 2603; baseline 0.004 -19"><span class='ocrx_word' id='word_1_181' title='bbox 256 2534 372 2597; x_wconf 81' lang='lat' dir='ltr'>catum,</span> <span class='ocrx_word' id='word_1_182' title='bbox 395 2526 491 2583; x_wconf 86' lang='lat' dir='ltr'>litura</span> <span class='ocrx_word' id='word_1_183' title='bbox 506 2524 642 2600; x_wconf 84' lang='lat' dir='ltr'>dignum</span> <span class='ocrx_word' id='word_1_184' title='bbox 664 2524 778 2582; x_wconf 88' lang='lat' dir='ltr'>haberi</span> <span class='ocrx_word' id='word_1_185' title='bbox 801 2540 841 2582; x_wconf 94' lang='lat' dir='ltr'>eo</span> <span class='ocrx_word' id='word_1_186' title='bbox 864 2524 970 2582; x_wconf 90' lang='lat' dir='ltr'>minus</span> <span class='ocrx_word' id='word_1_187' title='bbox 993 2523 1177 2582; x_wconf 89' lang='lat' dir='ltr'>mirandum</span> <span class='ocrx_word' id='word_1_188' title='bbox 1200 2534 1258 2584; x_wconf 89' lang='lat' dir='ltr'>est.</span> <span class='ocrx_word' id='word_1_189' title='bbox 1291 2527 1406 2603; x_wconf 85' lang='lat' dir='ltr'>Neque</span> 
     </span>
     <span class='ocr_line' id='line_1_23' title="bbox 255 2624 1407 2701; baseline 0.006 -18"><span class='ocrx_word' id='word_1_190' title='bbox 255 2641 335 2684; x_wconf 86' lang='lat' dir='ltr'>vero</span> <span class='ocrx_word' id='word_1_191' title='bbox 358 2626 452 2682; x_wconf 92' lang='lat' dir='ltr'>huius</span> <span class='ocrx_word' id='word_1_192' title='bbox 475 2624 565 2682; x_wconf 91' lang='lat' dir='ltr'>modi</span> <span class='ocrx_word' id='word_1_193' title='bbox 587 2625 756 2682; x_wconf 89' lang='lat' dir='ltr'>nominum</span> <span class='ocrx_word' id='word_1_194' title='bbox 779 2625 1031 2682; x_wconf 87' lang='lat' dir='ltr'>collocationem</span> <span class='ocrx_word' id='word_1_195' title='bbox 1054 2624 1251 2701; x_wconf 78' lang='lat' dir='ltr'>asophocle</span> <span class='ocrx_word' id='word_1_196' title='bbox 1266 2628 1407 2690; x_wconf 88' lang='lat' dir='ltr'>alienam</span> 
     </span>
     <span class='ocr_line' id='line_1_24' title="bbox 256 2725 1450 2799; baseline 0.005 -16"><span class='ocrx_word' id='word_1_197' title='bbox 256 2743 329 2783; x_wconf 91' lang='lat' dir='ltr'>esse</span> <span class='ocrx_word' id='word_1_198' title='bbox 352 2742 449 2799; x_wconf 90' lang='lat' dir='ltr'>supra</span> <span class='ocrx_word' id='word_1_199' title='bbox 472 2725 778 2783; x_wconf 83' lang='lat' dir='ltr'>demonstravimus.</span> <span class='ocrx_word' id='word_1_200' title='bbox 813 2725 860 2782; x_wconf 86' lang='lat' dir='ltr'>Ac</span> <span class='ocrx_word' id='word_1_201' title='bbox 876 2742 917 2782; x_wconf 93' lang='lat' dir='ltr'>ne</span> <span class='ocrx_word' id='word_1_202' title='bbox 941 2725 1045 2782; x_wconf 88' lang='lat' dir='ltr'>critici</span> <span class='ocrx_word' id='word_1_203' title='bbox 1068 2725 1198 2798; x_wconf 91' lang='lat' dir='ltr'>quidem</span> <span class='ocrx_word' id='word_1_204' title='bbox 1222 2728 1263 2785; x_wconf 93' lang='lat' dir='ltr'>de</span> <span class='ocrx_word' id='word_1_205' title='bbox 1286 2729 1347 2787; x_wconf 89' lang='lat' dir='ltr'>hac</span> <span class='ocrx_word' id='word_1_206' title='bbox 1369 2748 1405 2790; x_wconf 91' lang='lat' dir='ltr'>re</span> <span class='ocrx_word' id='word_1_207' title='bbox 1446 2742 1450 2749; x_wconf 84' lang='lat'>&#39;</span> 
     </span>
     <span class='ocr_line' id='line_1_25' title="bbox 256 2825 1407 2901; baseline 0.006 -19"><span class='ocrx_word' id='word_1_208' title='bbox 256 2841 385 2900; x_wconf 88' lang='lat' dir='ltr'>semper</span> <span class='ocrx_word' id='word_1_209' title='bbox 407 2825 556 2882; x_wconf 87' lang='lat' dir='ltr'>dubitare</span> <span class='ocrx_word' id='word_1_210' title='bbox 580 2825 738 2895; x_wconf 88' lang='lat' dir='ltr'>videntur,</span> <span class='ocrx_word' id='word_1_211' title='bbox 761 2825 881 2899; x_wconf 91' lang='lat' dir='ltr'>quippe</span> <span class='ocrx_word' id='word_1_212' title='bbox 898 2827 953 2898; x_wconf 92' lang='lat' dir='ltr'>qui</span> <span class='ocrx_word' id='word_1_213' title='bbox 973 2825 1074 2882; x_wconf 88' lang='lat' dir='ltr'>semel</span> <span class='ocrx_word' id='word_1_214' title='bbox 1088 2825 1271 2901; x_wconf 87' lang='lat' dir='ltr'>iterumque</span> <span class='ocrx_word' id='word_1_215' title='bbox 1294 2831 1327 2886; x_wconf 91' lang='lat' dir='ltr'>in</span> <span class='ocrx_word' id='word_1_216' title='bbox 1349 2833 1407 2890; x_wconf 87' lang='lat' dir='ltr'>tali</span> 
     </span>
     <span class='ocr_line' id='line_1_26' title="bbox 255 2922 1407 2999; baseline 0.008 -17"><span class='ocrx_word' id='word_1_217' title='bbox 255 2926 423 2983; x_wconf 90' lang='lat' dir='ltr'>nominum</span> <span class='ocrx_word' id='word_1_218' title='bbox 457 2925 675 2982; x_wconf 88' lang='lat' dir='ltr'>collocatione</span> <span class='ocrx_word' id='word_1_219' title='bbox 708 2940 776 2983; x_wconf 90' lang='lat' dir='ltr'>non</span> <span class='ocrx_word' id='word_1_220' title='bbox 808 2925 981 2982; x_wconf 83' lang='lat' dir='ltr'>haeserint.</span> <span class='ocrx_word' id='word_1_221' title='bbox 1025 2922 1118 2997; x_wconf 76' lang='lat' dir='ltr'>Quid,</span> <span class='ocrx_word' id='word_1_222' title='bbox 1145 2926 1260 2999; x_wconf 85' lang='lat' dir='ltr'>Polybi</span> <span class='ocrx_word' id='word_1_223' title='bbox 1283 2946 1407 2991; x_wconf 85' lang='lat' dir='ltr'>nornen</span> 
     </span>
     <span class='ocr_line' id='line_1_27' title="bbox 255 3022 1171 3101; baseline 0 -18"><span class='ocrx_word' id='word_1_224' title='bbox 255 3043 332 3083; x_wconf 93' lang='lat' dir='ltr'>num</span> <span class='ocrx_word' id='word_1_225' title='bbox 355 3026 516 3082; x_wconf 89' lang='lat' dir='ltr'>minorem</span> <span class='ocrx_word' id='word_1_226' title='bbox 539 3024 633 3082; x_wconf 89' lang='lat' dir='ltr'>affert</span> <span class='ocrx_word' id='word_1_227' title='bbox 655 3024 871 3082; x_wconf 85' lang='lat' dir='ltr'>offensionem</span> <span class='ocrx_word' id='word_1_228' title='bbox 895 3022 974 3083; x_wconf 89' lang='lat' dir='ltr'>Oed.</span> <span class='ocrx_word' id='word_1_229' title='bbox 996 3024 1073 3101; x_wconf 80' lang='lat' dir='ltr'>Reg.</span> <span class='ocrx_word' id='word_1_230' title='bbox 1096 3026 1171 3083; x_wconf 79' lang='lat'>956:</span> 
     </span>
    </p>
   </div>
   <div class='ocr_carea' id='block_1_3' title="bbox 403 3147 1197 3332">
    <p class='ocr_par' dir='ltr' id='par_1_4' title="bbox 403 3147 1197 3332">
     <span class='ocr_line' id='line_1_28' title="bbox 403 3147 1197 3235; baseline 0.001 -19"><span class='ocrx_word' id='word_1_231' title='bbox 403 3152 437 3216; x_wconf 71' lang='grc' dir='ltr'>ἐκ</span> <span class='ocrx_word' id='word_1_232' title='bbox 459 3154 513 3235; x_wconf 71' lang='grc' dir='ltr'>τῆς</span> <span class='ocrx_word' id='word_1_233' title='bbox 537 3155 710 3234; x_wconf 70' lang='grc' dir='ltr'><strong><em>Κορίνθου,</em></strong></span> <span class='ocrx_word' id='word_1_234' title='bbox 734 3156 858 3232; x_wconf 83' lang='grc' dir='ltr'><strong><em>πατέρα</em></strong></span> <span class='ocrx_word' id='word_1_235' title='bbox 880 3147 941 3216; x_wconf 73' lang='grc' dir='ltr'><strong>1ο“ν</strong></span> <span class='ocrx_word' id='word_1_236' title='bbox 963 3148 1025 3216; x_wconf 80' lang='grc' dir='ltr'>σόν</span> <span class='ocrx_word' id='word_1_237' title='bbox 1049 3150 1197 3231; x_wconf 71' lang='grc' dir='ltr'>ἀγγελῶν</span> 
     </span>
     <span class='ocr_line' id='line_1_29' title="bbox 403 3247 1138 3332; baseline 0.003 -18"><span class='ocrx_word' id='word_1_238' title='bbox 403 3249 449 3326; x_wconf 81' lang='grc' dir='ltr'>ὠς</span> <span class='ocrx_word' id='word_1_239' title='bbox 471 3248 570 3316; x_wconf 68' lang='grc' dir='ltr'>οἷ’κέῑ’</span> <span class='ocrx_word' id='word_1_240' title='bbox 592 3249 676 3314; x_wconf 82' lang='grc' dir='ltr'>ὄντα</span> <span class='ocrx_word' id='word_1_241' title='bbox 698 3247 859 3332; x_wconf 73' lang='grc' dir='ltr'><strong><em>Πόλυβον,</em></strong></span> <span class='ocrx_word' id='word_1_242' title='bbox 883 3248 953 3314; x_wconf 73' lang='grc' dir='ltr'>ἀλλ’</span> <span class='ocrx_word' id='word_1_243' title='bbox 978 3248 1138 3316; x_wconf 77' lang='grc' dir='ltr'><em>ὀλωλότα.</em></span> 
     </span>
    </p>
   </div>
   <div class='ocr_carea' id='block_1_4' title="bbox 254 3408 1405 3867">
    <p class='ocr_par' dir='ltr' id='par_1_5' title="bbox 254 3408 1405 3867">
     <span class='ocr_line' id='line_1_30' title="bbox 254 3408 1403 3475; baseline 0.007 -9"><span class='ocrx_word' id='word_1_244' title='bbox 254 3411 326 3467; x_wconf 92' lang='lat' dir='ltr'>Hoc</span> <span class='ocrx_word' id='word_1_245' title='bbox 350 3417 458 3466; x_wconf 91' lang='lat' dir='ltr'>autem</span> <span class='ocrx_word' id='word_1_246' title='bbox 481 3410 556 3466; x_wconf 92' lang='lat' dir='ltr'>loco</span> <span class='ocrx_word' id='word_1_247' title='bbox 580 3425 654 3467; x_wconf 90' lang='lat' dir='ltr'>cnm</span> <span class='ocrx_word' id='word_1_248' title='bbox 676 3408 851 3466; x_wconf 77' lang='grc'><strong>1111111956</strong></span> <span class='ocrx_word' id='word_1_249' title='bbox 874 3409 1002 3467; x_wconf 88' lang='lat' dir='ltr'>sublato</span> <span class='ocrx_word' id='word_1_250' title='bbox 1025 3427 1094 3468; x_wconf 93' lang='lat' dir='ltr'>non</span> <span class='ocrx_word' id='word_1_251' title='bbox 1116 3411 1221 3469; x_wconf 90' lang='lat' dir='ltr'>solum</span> <span class='ocrx_word' id='word_1_252' title='bbox 1245 3416 1403 3475; x_wconf 89' lang='lat' dir='ltr'>orationis</span> 
     </span>
     <span class='ocr_line' id='line_1_31' title="bbox 254 3509 1405 3581; baseline 0.004 -13"><span class='ocrx_word' id='word_1_253' title='bbox 254 3511 347 3568; x_wconf 90' lang='lat' dir='ltr'>color</span> <span class='ocrx_word' id='word_1_254' title='bbox 379 3510 574 3581; x_wconf 78' lang='lat' dir='ltr'>evanuisset,</span> <span class='ocrx_word' id='word_1_255' title='bbox 608 3509 667 3566; x_wconf 86' lang='lat' dir='ltr'>sed</span> <span class='ocrx_word' id='word_1_256' title='bbox 701 3509 800 3566; x_wconf 89' lang='lat' dir='ltr'>etiam</span> <span class='ocrx_word' id='word_1_257' title='bbox 834 3510 1066 3567; x_wconf 87' lang='lat' dir='ltr'>sententiarum</span> <span class='ocrx_word' id='word_1_258' title='bbox 1101 3513 1302 3571; x_wconf 89' lang='lat' dir='ltr'>continuatio</span> <span class='ocrx_word' id='word_1_259' title='bbox 1335 3522 1405 3574; x_wconf 90' lang='lat' dir='ltr'>tota</span> 
     </span>
     <span class='ocr_line' id='line_1_32' title="bbox 255 3608 1405 3684; baseline 0.005 -17"><span class='ocrx_word' id='word_1_260' title='bbox 255 3617 341 3667; x_wconf 88' lang='lat' dir='ltr'>esset</span> <span class='ocrx_word' id='word_1_261' title='bbox 373 3608 500 3680; x_wconf 88' lang='lat' dir='ltr'>deleta,</span> <span class='ocrx_word' id='word_1_262' title='bbox 532 3626 598 3667; x_wconf 91' lang='lat' dir='ltr'>una</span> <span class='ocrx_word' id='word_1_263' title='bbox 631 3625 706 3667; x_wconf 87' lang='lat' dir='ltr'>curn</span> <span class='ocrx_word' id='word_1_264' title='bbox 738 3625 837 3666; x_wconf 80' lang='lat' dir='ltr'>uersu</span> <span class='ocrx_word' id='word_1_265' title='bbox 867 3625 988 3667; x_wconf 89' lang='lat' dir='ltr'>nomen</span> <span class='ocrx_word' id='word_1_266' title='bbox 1021 3611 1128 3684; x_wconf 87' lang='lat' dir='ltr'>ipsum</span> <span class='ocrx_word' id='word_1_267' title='bbox 1161 3629 1181 3669; x_wconf 93' lang='lat' dir='ltr'>a</span> <span class='ocrx_word' id='word_1_268' title='bbox 1216 3615 1405 3674; x_wconf 83' lang='lat' dir='ltr'>criticorum</span> 
     </span>
     <span class='ocr_line' id='line_1_33' title="bbox 254 3707 1403 3786; baseline 0.007 -20"><span class='ocrx_word' id='word_1_269' title='bbox 254 3709 440 3784; x_wconf 85' lang='lat' dir='ltr'>suspicione</span> <span class='ocrx_word' id='word_1_270' title='bbox 463 3711 564 3767; x_wconf 91' lang='lat' dir='ltr'>tutius</span> <span class='ocrx_word' id='word_1_271' title='bbox 588 3717 666 3766; x_wconf 91' lang='lat' dir='ltr'>erat.</span> <span class='ocrx_word' id='word_1_272' title='bbox 709 3707 773 3766; x_wconf 83' lang='lat' dir='ltr'>Sed</span> <span class='ocrx_word' id='word_1_273' title='bbox 796 3711 883 3783; x_wconf 92' lang='lat' dir='ltr'>quod</span> <span class='ocrx_word' id='word_1_274' title='bbox 900 3709 1018 3783; x_wconf 84' lang='lat' dir='ltr'>Polybi</span> <span class='ocrx_word' id='word_1_275' title='bbox 1038 3727 1158 3770; x_wconf 91' lang='lat' dir='ltr'>nomen</span> <span class='ocrx_word' id='word_1_276' title='bbox 1174 3714 1207 3770; x_wconf 93' lang='lat' dir='ltr'>in</span> <span class='ocrx_word' id='word_1_277' title='bbox 1223 3714 1294 3786; x_wconf 93' lang='lat' dir='ltr'>ipso</span> <span class='ocrx_word' id='word_1_278' title='bbox 1309 3715 1403 3775; x_wconf 91' lang='lat' dir='ltr'>initio</span> 
     </span>
     <span class='ocr_line' id='line_1_34' title="bbox 254 3809 760 3867; baseline -0.002 0"><span class='ocrx_word' id='word_1_279' title='bbox 254 3810 451 3867; x_wconf 89' lang='lat' dir='ltr'>collocatum</span> <span class='ocrx_word' id='word_1_280' title='bbox 475 3819 524 3866; x_wconf 87' lang='lat' dir='ltr'>est</span> <span class='ocrx_word' id='word_1_281' title='bbox 546 3826 662 3867; x_wconf 87' lang='lat' dir='ltr'>versus</span> <span class='ocrx_word' id='word_1_282' title='bbox 686 3809 760 3867; x_wconf 73' lang='lat'>827:</span> 
     </span>
    </p>
   </div>
   <div class='ocr_carea' id='block_1_5' title="bbox 506 3923 1190 4111">
    <p class='ocr_par' dir='ltr' id='par_1_6' title="bbox 506 3923 1190 4111">
     <span class='ocr_line' id='line_1_35' title="bbox 754 3923 1190 3999; baseline 0.014 -18"><span class='ocrx_word' id='word_1_283' title='bbox 754 3923 806 3981; x_wconf 85' lang='grc' dir='ltr'>καὶ</span> <span class='ocrx_word' id='word_1_284' title='bbox 830 3926 956 3999; x_wconf 81' lang='grc' dir='ltr'><em>πατέρα</em></span> <span class='ocrx_word' id='word_1_285' title='bbox 977 3934 1190 3987; x_wconf 64' lang='grc' dir='ltr'>κατακτανεῖν</span> 
     </span>
     <span class='ocr_line' id='line_1_36' title="bbox 506 4016 1145 4111; baseline 0.006 -30"><span class='ocrx_word' id='word_1_286' title='bbox 506 4016 665 4098; x_wconf 74' lang='grc' dir='ltr'><strong><em>Πόλυβον,</em></strong></span> <span class='ocrx_word' id='word_1_287' title='bbox 689 4019 726 4093; x_wconf 80' lang='grc' dir='ltr'>ὂς</span> <span class='ocrx_word' id='word_1_288' title='bbox 747 4020 879 4104; x_wconf 76' lang='grc' dir='ltr'><strong><em>ἐξέφυσε</em></strong></span> <span class='ocrx_word' id='word_1_289' title='bbox 900 4019 1085 4111; x_wconf 67' lang='grc' dir='ltr'>κᾶξέθρεψέ</span> <span class='ocrx_word' id='word_1_290' title='bbox 1106 4048 1145 4104; x_wconf 77' lang='grc' dir='ltr'>με</span> 
     </span>
    </p>
   </div>
   <div class='ocr_carea' id='block_1_6' title="bbox 353 4232 752 4299">
    <p class='ocr_par' dir='ltr' id='par_1_7' title="bbox 353 4232 752 4299">
     <span class='ocr_line' id='line_1_37' title="bbox 353 4232 752 4299; baseline 0.01 -17"><span class='ocrx_word' id='word_1_291' title='bbox 353 4236 376 4295; x_wconf 67' lang='lat' dir='ltr'>ssl</span> <span class='ocrx_word' id='word_1_292' title='bbox 397 4234 433 4285; x_wconf 84' lang='lat' dir='ltr'>cf.</span> <span class='ocrx_word' id='word_1_293' title='bbox 453 4233 525 4285; x_wconf 86' lang='lat' dir='ltr'>Plat.</span> <span class='ocrx_word' id='word_1_294' title='bbox 545 4232 752 4299; x_wconf 57' lang='grc'><strong>(1011112413.</strong></span> 
     </span>
    </p>
   </div>
   <div class='ocr_carea' id='block_1_7' title="bbox 0 0 1556 4934">
    <p class='ocr_par' dir='ltr' id='par_1_8' title="bbox 0 0 1556 4934">
     <span class='ocr_line' id='line_1_38' title="bbox 0 0 1556 4934; baseline 0 0"><span class='ocrx_word' id='word_1_295' title='bbox 0 0 1556 4934; x_wconf 95' lang='lat' dir='ltr'> </span> 
     </span>
    </p>
   </div>
  </div>
 </body>
</html>
