3102 4934
759 379 941 437 .-6-

272 570 311 622 ea
326 565 374 633 sit,
397 580 462 638 qua
475 563 562 622 hunc
576 565 686 622 locum
700 562 920 639 Sophocleum
941 564 1072 625 liberari
1096 573 1254 643 oporteat.
1286 564 1328 628 At
1344 570 1423 643 quid

271 664 403 722 tandem
427 680 466 722 ea
488 666 682 736 continetur,
704 664 794 737 quod
816 680 915 724 sanae
938 667 1119 725 sententiae
1135 668 1318 744 repugnet?
1345 668 1422 728 Mihi

273 764 405 838 quidem
427 764 506 822 nihil
528 765 635 840 aptius
657 765 698 822 ab
717 765 885 842 Antigona
905 765 1036 825 videtur
1056 766 1133 825 addi
1154 769 1302 843 potuisse
1325 786 1423 842 quam

273 880 337 938 qua
370 866 411 923 de
444 881 543 924 causa
575 881 670 924 suum
702 865 801 925 vellet
832 866 971 941 sepelire
1003 862 1145 939 fratrem,
1178 869 1305 927 edamsi
1333 870 1423 928 idem
1478 892 1481 897 ·

272 965 382 1024 iacere
416 976 512 1024 soror
543 948 652 1024 nollet.
706 965 880 1024 Praeterea
911 966 999 1025 haud
1031 968 1202 1043 quisquam
1236 970 1425 1048 opinabitur

272 1065 515 1139 interpolatoris
536 1066 713 1142 vestigium
734 1063 885 1142 indagari
898 1073 1081 1142 propterea,
1104 1069 1193 1141 quod
1214 1064 1328 1127 similis
1351 1086 1424 1128 sen·

272 1167 375 1225 tentia
393 1166 447 1224 vel
461 1166 575 1224 similis
591 1167 749 1225 orationis
764 1167 982 1226 conformatio
1005 1169 1076 1226 aliis
1091 1184 1223 1243 quoquc
1237 1170 1320 1228 locis
1334 1171 1425 1246 apud

273 1264 471 1341 Sophoclem
486 1267 633 1340 aliosque
648 1274 763 1342 poetas
778 1268 924 1344 tragicos
942 1268 1135 1341 inveniatur,
1157 1284 1241 1343 quos
1255 1271 1309 1328 ille
1324 1271 1423 1330 inter·

272 1366 404 1441 polator
424 1367 567 1425 imitatus
590 1368 639 1425 sit.
671 1366 840 1443 Leguntur
860 1368 947 1426 enim
969 1369 1047 1426 talia
1069 1369 1101 1428 in
1120 1367 1218 1444 Soph.
1233 1370 1332 1429 illect.
1347 1370 1423 1429 368:

601 1490 685 1558 οὗτοι
707 1491 768 1578 γὰρ
789 1493 1072 1580 constrictorum
1092 1492 1182 1572 uani,

427 1592 581 1659 θανόντα
602 1598 729 1677 πατέρα
748 1596 801 1658 auci
824 1594 938 1679 φίλους
959 1592 1124 1681 προδοῦσα
1145 1593 1233 1673 σούς,

273 1720 321 1777 Ai.
345 1718 439 1776 1266:

423 1831 498 1917 φεῦ·
521 1826 578 1894 τοῦ
599 1824 767 1903 θανόντος
787 1810 833 1904 ὥς
854 1825 967 1919 ταχεῖά
987 1853 1035 1904 τις
1055 1833 1179 1913 βροτοῖς

425 1927 514 2011 χάρις
534 1928 656 2015 διαρρεῖ
675 1933 727 1992 καὶ
749 1922 900 2011 ιτροδοῦσὶ
925 1927 1098 1994 ἁλίσκεται.

274 2072 316 2130 Et
329 2071 501 2146 Euripides
515 2070 780 2128 Andromacham
799 2069 964 2128 dicentem
985 2070 1063 2128 iacit
1084 2071 1118 2128 in
1136 2070 1292 2129 Androm.
1309 2071 1382 2128 191:

425 2196 512 2279 ὅμως
533 2193 564 2261 δ’
589 2194 729 2280 ἐμαυτὴν
750 2192 788 2261 οὐ
810 2192 965 2279 προδοῦσ’
990 2192 1169 2278 ἁλώσομαι.

274 2338 379 2395 Immo
403 2339 472 2395 eius
494 2338 584 2396 modi
605 2337 688 2395 locis
709 2337 820 2407 verba,
847 2352 986 2409 quornm
1012 2352 1172 2394 summam
1194 2337 1273 2394 nihil
1295 2337 1426 2407 habere,

276 2439 366 2512 quod
387 2438 517 2513 repulsa
539 2437 675 2513 dignum
697 2437 745 2507 sit,
769 2452 867 2511 supra
889 2436 1194 2508 demonstravimus,
1217 2437 1313 2494 etiam
1336 2438 1426 2511 quod

276 2539 318 2598 ad
341 2555 455 2597 eorum
476 2538 616 2596 formam
638 2537 1031 2614 pertinet‚integritatem
1045 2552 1124 2611 prae
1140 2553 1175 2593 se
1190 2536 1276 2595 ferre
1292 2538 1426 2612 planum

276 2641 319 2698 fit.
362 2636 452 2712 Quae
476 2655 550 2696 cum
572 2639 618 2696 ita
640 2638 712 2707 sint,
743 2653 812 2694 non
845 2644 902 2708 est,
935 2652 994 2694 cur
1020 2643 1192 2711 suspectus
1218 2652 1334 2695 versus
1358 2635 1424 2708 (46)

276 2746 494 2811 removeatur,
508 2739 571 2797 nisi
586 2738 613 2798 si
628 2738 782 2796 vocabuli
804 2726 948 2818 ἀδελφόν
970 2737 1144 2795 collocatio
1160 2737 1296 2795 tollendi
1309 2754 1427 2797 versus

276 2842 361 2898 iusta
393 2855 492 2898 causa
525 2846 582 2897 est.
625 2836 691 2897 Sed
722 2854 918 2912 quamquam
952 2837 1202 2895 concedendum
1234 2846 1285 2895 est
1310 2845 1342 2896 et
1374 2838 1427 2897 hic

276 2940 475 2998 vocabulum
507 2929 652 3018 ἀδελφόν
684 2945 717 2997 et
749 2938 814 2996 illic
846 2937 996 3014 Aegisthi
1028 2953 1150 2995 nomen
1183 2938 1330 3013 perfecta
1361 2938 1428 2996 iam

279 3041 427 3098 oratione
450 3039 626 3115 superaddi
648 3039 761 3110 videri,
785 3045 906 3111 quanto
929 3044 1039 3096 tamen
1061 3038 1185 3096 maiore
1208 3037 1357 3095 libertate
1380 3039 1427 3096 uti

277 3140 397 3199 licebat
417 3142 583 3200 veteribus
606 3156 703 3214 quam
725 3140 821 3197 nobis
836 3140 870 3196 in
884 3139 995 3197 verbis
1018 3138 1226 3196 collocandis.
1262 3137 1428 3195 Permulta

278 3243 364 3300 enim
386 3242 481 3301 aliter
501 3241 656 3317 ponenda
678 3247 753 3299 sunt
780 3241 818 3311 ei,
851 3239 906 3313 qui
931 3236 993 3296 hac
1018 3228 1053 3296 in
1075 3255 1111 3297 re
1135 3237 1344 3297 diiudicanda
1366 3253 1426 3296 suo

278 3341 394 3400 ductus
411 3356 509 3400 sensu
524 3348 673 3400 veterum
688 3339 845 3412 loquendi
860 3338 1133 3397 consuetudinem
1147 3338 1302 3414 neglegit.
1338 3335 1428 3396 Sicut

275 3439 356 3500 'Oed
373 3440 438 3499 Col.
456 3438 536 3499 1125
879 3432 951 3496 ἐπεὶ
973 3430 1011 3495 to'
1036 3428 1062 3511 γ’
1088 3426 1213 3511 εὐσεβὲς

456 3542 536 3600 1126
568 3532 683 3617 μόνοις
704 3529 779 3618 παρ’
803 3529 883 3614 ὗμιν
903 3529 1000 3618 ηὗρον
1021 3528 1210 3616 ἀνθρώπων
1231 3528 1293 3610 ἐγώ

456 3643 535 3700 1127
569 3638 622 3698 καὶ
644 3630 823 3709 τούπιεικὲς
842 3638 896 3697 καὶ
917 3630 955 3698 τό
979 3630 1022 3716 μα’
1044 3632 1281 3721 ψευδοστομιτν

276 3785 312 3834 ut
334 3793 477 3849 eaquae
501 3774 733 3852 coniungenda
754 3782 829 3833 sunt
851 3775 937 3832 inter
958 3789 993 3830 se
1016 3779 1126 3830 essent
1147 3771 1290 3841 finitima,
1312 3786 1429 3828 versus

279 3878 357 3934 1127
392 3883 467 3935 ante
500 3888 633 3934 versum
657 3874 737 3933 1126
764 3876 982 3933 collocaretur
1008 3888 1090 3947 opus
1116 3878 1193 3929 erat.
1236 3868 1360 3928 Similia
1380 3870 1428 3927 in-

276 3979 453 4036 ueniuntur
472 3978 506 4034 in
521 3976 593 4034 Ant.
610 3977 678 4048 246,
701 3977 757 4034 ubi
776 3975 955 4051 participia,
976 3974 1062 4031 inter
1076 3989 1111 4030 se
1132 3972 1257 4047 pariter
1272 3968 1430 4041 ordinata,

277 4080 381 4137 verbo
404 4078 495 4135 fluite
518 4074 628 4155 βέβηκε
650 4076 888 4152 disiunguntur.
928 4074 969 4131 Et
992 4073 1134 4130 conferri
1157 4079 1295 4147 possunt
1315 4070 1430 4129 Trach.

277 4195 393 4237 versus
416 4178 476 4235 584
493 4185 525 4235 et
540 4178 611 4235 585.
644 4176 758 4249 Neque
780 4176 893 4233 inutile
917 4180 967 4231 est
989 4189 1236 4247 comparare-
1254 4172 1319 4229 late
1343 4172 1430 4229 enim

278 4287 368 4355 patet
389 4280 492 4337 verba
513 4280 558 4336 ita
581 4276 766 4334 collocandi
786 4290 865 4334 usus
888 4304 928 4312 -
950 4270 984 4331 Il.
1010 4272 1046 4331 V.
1069 4273 1138 4331 370.
