3102 4934
211 1386 237 1443 A
260 1384 424 1456 Muellero,
456 1384 637 1443 novissimo
661 1384 845 1443 orationum
869 1384 1090 1444 Tullianamm
1123 1386 1257 1456 editore,

111 1485 282 1561 complura
312 1485 448 1545 nomina
479 1485 612 1559 propria
643 1485 677 1543 iu
698 1485 770 1543 vitii
791 1486 1013 1560 suspicionem
1034 1494 1154 1544 vocata
1175 1493 1258 1544 suut.

109 1584 200 1659 Quae
234 1602 287 1643 res
318 1586 390 1644 iure
421 1585 582 1644 iniuriare
608 1584 766 1658 iactauit,
790 1585 973 1660 disceptare
996 1592 1257 1646 conantesnon·

110 1685 199 1744 nulla
232 1701 315 1759 qnae
347 1685 391 1742 ad
415 1684 585 1743 nominum
605 1700 700 1743 usum
721 1685 885 1758 pertinent
906 1684 1023 1743 afferre
1046 1686 1258 1744 studebimus.

210 1787 235 1843 1.
256 1787 362 1858 Atque
377 1791 412 1843 ut
424 1800 489 1858 qua
502 1784 708 1858 potissimum
719 1784 945 1843 criminatione
957 1785 991 1842 in
1002 1786 1137 1843 uomina
1152 1785 1256 1844 critici

108 1891 243 1945 utantur
274 1901 436 1960 quamque
467 1884 532 1943 late
564 1884 620 1942 illa
650 1890 760 1960 pateat
787 1884 996 1943 manifestum
1027 1885 1090 1956 flat,
1123 1903 1142 1943 a
1174 1886 1256 1944 locis

109 1984 302 2061 Sophocleis
331 1985 496 2043 nonnullis
528 1985 692 2061 proficisci
724 1985 833 2056 liceat,
866 1985 991 2057 quihus,
1024 2001 1097 2043 cum
1134 1987 1255 2045 criticis

108 2085 333 2156 assentiemur,
370 2101 389 2142 a
425 2085 584 2161 scriptore
620 2085 692 2160 ipso
728 2099 790 2142 nos
827 2084 1000 2143 dissentire
1038 2085 1279 2161 demonstrari,

109 2185 314 2244 crediderim.
336 2185 505 2261 Leguntur
518 2185 552 2242 in
566 2184 613 2242 El.
627 2201 656 2242 v.
669 2185 729 2242 954
738 2200 807 2258 sqq.
820 2212 859 2222 -
872 2185 912 2242 de
928 2185 992 2243 hoe
1006 2185 1081 2243 loco
1091 2184 1255 2245 Vahlenus

107 2285 142 2343 in
164 2301 273 2362 progr.
295 2285 399 2343 Berol.
423 2278 559 2357 istosne
582 2283 734 2342 disseruit
756 2313 793 2322 -
817 2286 898 2343 haee
919 2286 1035 2343 verba:

259 2419 319 2477 954
353 2408 413 2476 νῦν
434 2411 465 2475 δ’
484 2407 563 2494 ἡνίκ’
587 2406 686 2477 αὗκέτ’
710 2411 810 2487 ἔστιν,
832 2412 877 2487 εἰς
897 2412 933 2476 σὲ
955 2409 994 2495 δὴ
1013 2412 1136 2492 βλέπω,

259 2519 319 2576 955
353 2508 445 2587 ὅπως
465 2508 525 2576 τόν
547 2506 720 2594 αὐτόχειρα
741 2508 893 2596 πατρῴου
914 2509 1021 2598 φόνου

259 2618 320 2677 956
353 2608 412 2688 ξὺν
434 2608 504 2701 τῇδ’
529 2607 650 2700 ἀδελφῇ1
671 2610 714 2694 μὴ
734 2608 937 2692 κατοκνήσας
956 2623 1085 2677 κτανεῖν

260 2719 319 2777 957
353 2715 535 2792 Αἴγισθον·
558 2708 653 2776 οὐδὲν
673 2709 733 2797 γάρ
755 2729 791 2775 σε
812 2711 863 2776 δεῖ
881 2709 1032 2793 κρύπτειν
1053 2711 1084 2795 μ’
1098 2713 1155 2778 ἔτι.

208 2852 377 2929 Bergkius,
409 2859 445 2910 ut
465 2851 614 2927 Aegisthi
636 2866 757 2910 nomen
778 2853 913 2929 propius
939 2860 1027 2911 esset
1058 2854 1256 2912 vocabulum

108 2942 293 3029 αὐτόχειρα,
325 2968 480 3010 versuum
513 2952 663 3010 ordinem
688 2953 734 3010 ita
759 2954 905 3024 mutavit,
937 2960 972 3011 nt
993 2970 1022 3012 v.
1046 2953 1105 3012 957
1128 2961 1203 3012 ante
1226 2972 1255 3011 v.

109 3053 171 3111 956
205 3053 433 3124 collocaretur3
466 3035 560 3124 'quae
604 3058 727 3110 mutata
759 3052 860 3110 series
893 3069 1090 3127 quamquam
1123 3054 1256 3112 tolerari

107 3160 230 3230 posset,
262 3161 373 3212 tamen
403 3167 472 3212 nou
497 3153 597 3212 modo
627 3168 695 3211 non
716 3154 912 3225 necessaria,
944 3154 1012 3225 sed,
1045 3154 1079 3212 id
1102 3154 1191 3226 quod
1214 3171 1257 3213 ex

110 3253 270 3328 exemplis
293 3254 377 3311 infra
400 3252 503 3310 allatis
526 3252 655 3313 elucere
679 3252 883 3325 crediderim,
905 3254 1024 3312 tradita
1040 3254 1185 3312 deterior
1199 3262 1256 3314 est.

109 3352 295 3412 Wunderus
318 3360 351 3411 et
371 3351 537 3411 Neuokius
552 3369 683 3411 versum
700 3353 759 3412 957
778 3353 956 3414 insiticium
978 3369 1051 3412 esse
1075 3355 1256 3429 opinantur,

109 3468 248 3527 quorum
270 3454 324 3511 ille
347 3469 478 3511 versum
500 3461 686 3528 suspectum
709 3453 859 3511 histrioni
892 3453 1021 3513 cuidem
1053 3455 1172 3525 tribuit,
1204 3456 1257 3515 hic

110 3569 185 3612 eum
206 3554 256 3611 his
277 3553 388 3616 verbis
410 3552 559 3612 refellere
582 3554 705 3611 studet:
734 3553 835 3631 ,nass
849 3554 986 3626 Electra,
1008 3570 1104 3612 wenn
1127 3555 1174 3613 sie
1196 3547 1257 3614 τὸν

107 3643 281 3730 αὐτόχειρα
303 3645 453 3733 πατρῴου
475 3643 581 3732 φόνου
604 3655 756 3726 erwithnt
778 3670 841 3712 nur
855 3655 921 3712 den
935 3654 1102 3731 Aigisthos
1125 3656 1257 3715 meineu

109 3754 207 3826 kann,
230 3754 271 3812 ist
293 3753 629 3812 selbstverstitndlich:
658 3754 716 3811 des
743 3754 994 3812 nachhinkende
1016 3752 1185 3827 Αἴγισθον
1207 3772 1255 3814 er·

110 3855 237 3913 scheint
270 3853 371 3912 daher
402 3854 449 3912 als
476 3854 593 3911 hoohst
617 3853 821 3930 iiberfiiissig.
865 3851 1036 3913 Geradezu
1058 3856 1194 3913 sthrend
1215 3856 1257 3914 ist

110 3954 164 4012 die
179 3953 414 4031 hinzugefligte
429 3953 655 4030 Begrdndung
669 3942 763 4012 otta
777 3944 837 4032 γάρ
853 3967 888 4011 σε
909 3948 967 4012 det·
978 3947 1130 4033 κρίπτενν
1151 3946 1182 4030 μ’
1200 3948 1255 4030 ἔτι,

111 4053 164 4111 die
193 4041 256 4111 nur
280 4054 368 4111 daun
397 4055 493 4111 einen
519 4051 598 4111 Sinn
623 4055 720 4125 hittte,
753 4050 850 4112 wenn¹
872 4052 985 4129 Chrys.
1012 4055 1102 4113 nicht
1128 4060 1256 4128 wiisste,

111 4153 187 4211 dass
209 4153 337 4229 Aigisth
370 4154 429 4211 der
460 4153 592 4212 Morder
625 4153 683 4212 des
709 4155 938 4232 Agamemnon
970 4146 1038 4214 ist.“
1084 4153 1147 4212 Sed
1172 4171 1254 4227 quae

109 4268 227 4311 versus
242 4268 318 4328 pars
332 4253 411 4311 ferri
425 4269 493 4312 non
508 4270 606 4330 posse
622 4254 769 4314 Nauckio
789 4257 927 4328 videtur,
949 4263 985 4314 ut
998 4256 1076 4313 inde
1092 4255 1255 4329 incipiam,
