3102 4934
563 355 813 422 .-ο-

181 599 183 604 ,
257 571 258 574 ¹
290 538 370 596 1442
403 528 449 606 οἷς
470 531 574 595 τᾶλλα
595 530 709 596 πάντα
731 529 847 615 δεύτερ’
870 528 991 616 ἡγεῖται
1013 530 1119 616 πατὴρ

289 639 369 697 1443
402 630 497 708 Ζεύς·
519 630 537 716 ἡ
560 630 621 714 γὰρ
642 629 786 712 εὐσέβεια
808 630 1003 724 σονθνῄσκει
1024 637 1161 718 βροτοῖς·

291 742 371 797 1444
403 730 464 798 κᾶν
485 733 562 809 ζῶσι
584 730 644 796 κᾶν
667 730 829 809 θάνωσιν,
851 729 907 797 οὒκ
929 730 1126 798 ἀπόλλυται.

143 873 201 930 nbi
223 873 321 930 etiam
345 873 410 930 dno
433 887 549 930 versus
572 872 760 946 interpolati
786 872 929 930 nominis
956 875 1062 948 gratia
1087 873 1170 931 falso
1194 874 1298 932 additi

143 988 218 1030 esse
251 979 414 1047 putentur.
467 971 634 1030 Nauokius
669 972 801 1045 quidem
834 973 984 1031 adnotat:
1031 973 1145 1044 „Diese
1177 972 1298 1033 beiden

142 1071 246 1130 Verso
272 1071 329 1142 (so.
354 1072 433 1131 1443
457 1081 489 1130 et
513 1070 605 1142 1444)
637 1073 790 1130 hotmen
812 1074 871 1130 mit
894 1070 1008 1131 Grund
1030 1075 1077 1132 als
1100 1074 1220 1131 uneoht
1242 1075 1295 1132 be·

143 1173 306 1245 zeiohnet3
330 1174 404 1230 eine
419 1189 460 1230 zu
482 1166 588 1249 πατήρ
608 1173 901 1249 beigesohriebene
916 1173 1102 1250 Erklltrung
1122 1168 1200 1242 Ζεύς
1221 1191 1299 1250 meg

145 1273 210 1330 den
232 1273 350 1331 Anlass
374 1288 432 1331 zur
452 1272 690 1347 Interpolation
713 1274 866 1349 gegeben
888 1274 1003 1332 haben.
1048 1271 1197 1332 Obenein
1218 1276 1299 1333 aber

142 1371 185 1430 ist
209 1372 289 1429 1443
312 1374 476 1444 verderbt
500 1374 542 1430 da
565 1389 601 1430 er
623 1373 681 1430 mit
705 1374 785 1429 1444
807 1374 841 1430 in
864 1373 1022 1431 directem
1044 1373 1296 1449 Widerspruohe

144 1464 256 1530 steht.“
302 1474 475 1531 Attamen
503 1474 548 1531 illi
582 1474 737 1548 opinioni,
771 1490 835 1547 qua
868 1474 911 1530 ad
942 1489 1064 1531 nomen
1097 1473 1297 1550 adscriptum

142 1574 268 1647 reliqua
283 1573 397 1631 addita
412 1589 484 1631 esse
500 1580 663 1648 putantur,
686 1581 843 1646 quantum
862 1574 1071 1632 tribuendum
1086 1574 1134 1645 sit,
1156 1575 1297 1634 fortasse

143 1674 345 1749 intellegitur
367 1690 410 1730 ex
432 1674 481 1759 his
503 1674 668 1731 versibus:
712 1674 760 1731 Αἱ.
782 1673 844 1731 460
858 1669 964 1748 sqqfl‘)

294 1800 419 1884 πότεροι
440 1800 523 1884 προς
544 1805 660 1877 οἴκους,
684 1798 861 1881 ναολόχους
882 1799 992 1865 λιπών
1014 1800 1106 1887 ἔδρας

293 1900 414 1985 μόνους
434 1905 463 1964 τ’
479 1897 647 1987 Ἀτρείδας,
671 1902 811 1980 πέλαγος
832 1903 974 1985 Αἰγαῖον
995 1898 1102 1985 πτεροῖς

293 2008 348 2065 καὶ
369 2014 467 2067 ποῖον
488 2000 581 2084 ὄμμα
603 2005 702 2087 πατρὶ
724 1999 858 2086 δηλώσω
881 2005 993 2087 φανεὶς

295 2100 465 2184 Τελαμῶνι
470 2133 481 2182 ,·
502 2099 576 2177 πῶς
597 2126 636 2184 με
657 2100 808 2185 τλῇσεταί
830 2104 905 2166 ποτ’
927 2101 1058 2166 εἰσιδεῖν

292 2199 419 2284 γυμνόν
439 2207 586 2290 φανέντα
607 2206 670 2267 τῶν
691 2200 859 2285 ἀριστείων
881 2200 965 2287 ἄτερ,

292 2301 342 2368 οἷν
364 2297 465 2379 αὗιός
487 2303 558 2385 ἔσχε
580 2308 743 2390 στέφανον
765 2300 907 2378 εὐκλείας
927 2307 1046 2385 otyor,-

293 2400 351 2469 οὐκ
372 2403 439 2469 ἔστι
461 2403 596 2489 τοῦργον
617 2401 746 2487 τληιόν.

140 2542 266 2619 Negari
289 2545 378 2602 enim
400 2560 468 2602 non
490 2552 600 2619 potest
627 2543 727 2621 πατρί
760 2561 835 2604 eum
868 2545 1002 2616 dicatur,
1035 2545 1200 2603 neminem
1233 2547 1296 2604 nisi

139 2643 357 2702 Telamonem
380 2645 526 2721 intellegi
540 2660 647 2720 posse.
691 2645 836 2716 Aeeedit,
859 2646 949 2718 quod
963 2645 1113 2703 versibus
1129 2645 1294 2703 463—465

140 2735 330 2817 (Τελαμῶνι
356 2786 364 2801 .
387 2786 395 2801 .
420 2786 427 2802 .
454 2735 596 2814 εὐκλείας
620 2738 737 2821 μέγαν)
771 2745 906 2803 sublatis
934 2746 1090 2803 orationis
1117 2746 1200 2803 ratio
1227 2762 1294 2804 non

140 2843 250 2902 deleta
274 2852 335 2917 est;
370 2861 445 2902 nani
468 2846 571 2903 verba
592 2846 811 2919 insequentia:
855 2835 912 2903 οὐκ
933 2838 1000 2902 ἔστι
1021 2837 1155 2921 τοῦργον
1176 2837 1295 2925 τλητόν

137 2959 209 3002 non
230 2945 337 3003 minus
361 2961 436 3002 oum
458 2945 497 3003 iis
520 2962 604 3019 quae
627 2956 805 3017 remanent,
828 2962 925 3019 quarn
942 2961 1025 3019 quae
1042 2946 1169 3005 sublata
1184 2954 1295 3007 essent

135 3044 250 3114 verba,
273 3045 497 3103 convenirent.
518 3073 558 3082 —
580 3045 728 3119 Denique
750 3047 928 3104 verborum
950 3037 1074 3121 γυμνόν
1096 3087 1103 3102 .
1128 3087 1135 3102 .
1159 3088 1166 3102 .
1189 3044 1292 3120 μέγαν

136 3159 267 3201 summo
290 3145 400 3218 aliquo
423 3145 524 3202 inodo
546 3147 697 3203 versibus
720 3146 781 3202 434
798 3162 866 3218 sqq.

289 3270 310 3335 ὅ
315 3295 369 3336 1ου
392 3269 500 3358 πατὴρ
520 3274 580 3355 μὲν
603 3270 693 3356 τῆσδ’
715 3268 774 3337 ἀπ’
794 3269 921 3349 Ἰδαίοις
942 3270 1068 3353 χθονός

275 3368 331 3433 .τὰ
354 3369 471 3454 πρῶτα
492 3373 669 3436 nolitote?
690 3370 877 3459 ἀριστεύσας
899 3370 1036 3454 στρατοῦ

287 3468 372 3555 πρός
393 3475 480 3537 οἶκον
502 3470 584 3555 ἦλθε
606 3475 718 3537 πᾶσαν
739 3471 885 3537 εὔκλειαν
907 3476 1028 3559 φέρων·

287 3569 347 3649 ἐγώ
373 3572 403 3637 δ’
424 3569 444 3636 ὁ
469 3578 575 3636 κείνου
598 3585 686 3651 παῖς,
709 3625 714 3637 .
737 3625 743 3637 .
766 3625 772 3637 .

134 3709 334 3768 continetur.
381 3709 453 3783 Qua
474 3729 509 3769 re
533 3713 587 3785 qui
612 3711 797 3769 Telamonis
820 3714 953 3770 nomine
977 3719 1008 3770 et
1030 3713 1119 3770 hisee
1141 3713 1292 3770 versibus

132 3825 205 3867 non
229 3809 423 3880 offendatur,
447 3828 521 3869 eum
536 3827 604 3869 non
620 3812 741 3869 hahere
757 3806 948 3886 putaverim,
972 3829 1030 3870 eur
1050 3814 1196 3871 notanda
1219 3829 1291 3870 esse

238 4002 261 4062 *l
281 4002 344 4055 Hos
363 4004 633 4056 versusValilenus
652 4003 738 4055 affert
757 4002 1034 4071 Sitzungsberiohte
1054 4005 1107 4056 der
1123 4004 1290 4057 Akademie

132 4101 174 4139 zu
191 4084 292 4137 Berlin
312 4090 377 4140 1902
394 4086 429 4153 X,
448 4088 517 4154 quia
536 4087 672 4139 eiusdem
690 4087 861 4139 Telamonis
880 4103 989 4140 nomen
1003 4089 1138 4140 similiter
1156 4089 1254 4155 posito
1274 4103 1290 4141 e

132 4168 313 4236 Sophocleis
343 4170 443 4222 verbis
473 4171 510 4222 ab
540 4169 701 4224 Aristotele
731 4171 803 4223 rhet.
827 4171 876 4223 III.
901 4176 939 4226 15.
957 4187 985 4239 p.
1006 4176 1070 4226 1416
1087 4171 1137 4223 bl
1161 4172 1289 4225 laudatis

131 4251 285 4305 Roemero
305 4253 466 4306 delendum
485 4254 611 4317 videtur.
