3102 4934
758 376 965 433 -40-

287 560 580 618 Amestratinorum
626 560 696 630 (eos
731 563 748 619 i.
782 579 808 618 e.
847 562 938 619 diese
974 578 1094 632 armen,
1139 559 1437 636 ausgepldnderteu

286 659 462 718 Menschen
484 662 623 737 zwingst
645 662 689 719 du
711 707 717 719 .
740 707 746 719 .
769 659 797 730 .).

385 793 422 850 In
446 794 562 867 quinus
585 793 713 853 duobus
736 795 904 869 exemplis,
917 795 992 868 quia
1014 810 1080 851 non
1103 793 1226 867 pendet
1247 803 1302 850 aut
1317 809 1437 850 nomen

286 898 341 952 aut
362 908 554 968 pronomen,
587 894 691 952 critici
713 910 780 952 non
803 894 987 965 haeserunt,
1019 895 1194 951 haeserunt
1220 892 1310 951 Verr.
1333 902 1394 950 act.
1416 893 1437 949 I.

289 994 334 1051 18.
357 994 405 1065 53,
439 1009 522 1067 quae
544 995 647 1052 verba
670 1011 689 1052 a
710 994 865 1053 Muellero
888 996 933 1053 ita
960 996 1048 1053 edita
1081 1004 1168 1053 sunt:
1212 988 1291 1052 Non
1317 995 1384 1071 pat
1387 988 1438 1050 iar

286 1108 356 1150 rem
388 1088 425 1150 in
457 1088 494 1151 id
526 1095 656 1171 tempas
688 1090 879 1169 adcincta
880 1084 1036 1172 t[Sicalt
1029 1085 1061 1173 ‘]
1094 1108 1176 1171 qaas
1208 1087 1318 1152 adhrtc
1351 1108 1425 1151 sera

286 1186 538 1272 ctesipnato'rant
581 1189 755 1252 carisainnt
799 1211 865 1252 non
908 1196 1096 1267 macerant,
1140 1210 1215 1252 carn
1258 1210 1312 1252 ecs
1358 1210 1437 1252 trono

287 1288 438 1372 arempio
471 1287 645 1352 universas
678 1297 893 1369 arcesserent,
928 1311 982 1353 cos
1013 1297 1084 1353 tant
1110 1289 1243 1353 lictores
1265 1287 1437 1351 consalnnt
1525 1336 1526 1339 ¹

288 1395 401 1452 cocant
416 1403 475 1452 cet.
518 1392 581 1452 Ubi
598 1387 711 1467 Siculi,
727 1396 846 1471 quippe
863 1398 953 1470 quod
967 1412 1089 1454 nomen
1105 1395 1255 1471 pendeat,
1271 1395 1435 1470 Madvigio
1525 1436 1526 1441 1

288 1503 422 1553 auctore
445 1495 591 1569 plerique
615 1496 758 1554 editores
781 1498 989 1555 incluserunt.
1033 1497 1074 1554 At
1107 1497 1263 1570 scripturn
1291 1496 1317 1552 si
1352 1501 1438 1552 esset
1525 1488 1526 1561 J

288 1604 355 1653 aut:
382 1589 487 1653 Santi
510 1639 516 1651 .
541 1639 547 1652 .
572 1638 579 1652 .
603 1590 633 1652 ci
654 1598 725 1654 tani
747 1611 769 1653 a
791 1590 965 1655 lictoribus
987 1591 1162 1655 consulant
1185 1596 1343 1654 vocentur
1370 1602 1437 1652 aut:
1525 1652 1526 1669 ξ

288 1690 416 1753 Siculas
439 1739 445 1751 .
470 1741 478 1754 .
501 1737 508 1751 .
533 1710 587 1754 cos
609 1696 680 1753 tnrn
703 1691 836 1781 lictores
858 1692 1033 1755 consulant
1055 1698 1178 1759 noceret,
1202 1696 1288 1769 quid,
1311 1696 1353 1752 ab
1376 1695 1437 1752 illis

290 1797 457 1870 exemplis,
490 1814 574 1870 quae
607 1815 705 1873 supra
737 1798 834 1855 allata
867 1806 949 1868 sunt,
982 1814 1059 1856 num
1087 1799 1261 1870 quicquam
1287 1798 1350 1854 hnc
1378 1796 1435 1855 dif-

289 1896 410 1954 ferret?
445 1897 539 1955 Nunc
561 1907 710 1956 neutrum
735 1915 809 1956 oum
832 1899 999 1974 scripserit
1021 1905 1143 1967 suctim,
1176 1898 1203 1954 is
1230 1898 1284 1971 qui
1308 1913 1436 1971 suspec-
1525 1892 1526 1901 ’

289 2004 356 2054 tum
378 2013 501 2055 nomeu
523 2000 564 2055 ab
588 2014 627 2055 eo
651 1998 824 2069 abiudicat‚
858 2015 970 2072 parum
998 1998 1140 2056 tribuere
1167 1997 1298 2055 videtur
1320 1999 1436 2068 vernis
1525 1982 1526 2017 ³

290 2113 372 2170 ulnae
405 2098 558 2173 leguntur
593 2097 682 2156 Verr
716 2098 770 2155 111
805 2098 943 2155 71.165
980 2090 1029 2155 Ac
1056 2092 1209 2174 prinnini
1241 2090 1300 2155 hoc
1334 2099 1420 2155 ert

286 2200 447 2272 praeierat
453 2214 485 2271 a,
501 2213 554 2255 cai
548 2192 741 2275 prtblicani
756 2213 798 2256 ecc
816 2190 1034 2275 Carpinatio
1009 2192 1131 2256 litteris
1145 2192 1276 2275 pratias
1291 2213 1367 2276 epar
1369 2199 1435 2271 rint,

289 2291 433 2373 pecnnia
448 2292 588 2375 prtblica
611 2313 653 2356 ea
675 2293 810 2356 aerario
833 2299 947 2376 erepat
948 2314 979 2373 a,
1014 2313 1055 2355 cca
1082 2291 1296 2375 nectipaiibas
1317 2241 1436 2375 papirii

293 2392 436 2455 Rotnani
472 2394 518 2456 ad
554 2394 729 2456 ernendara
758 2393 969 2474 framentum
1003 2392 1165 2457 attributa
1194 2392 1344 2473 fueritne
1367 2392 1397 2455 ti
1403 2391 1435 2453 bi

289 2493 451 2573 putamini,
468 2493 694 2574 pensitaritne
716 2492 775 2556 tibi
797 2493 892 2558 binas
915 2493 1117 2556 centesimas.

390 2630 451 2704 Qui
474 2633 607 2705 quidem
630 2633 730 2703 locus
757 2648 816 2706 pro
839 2641 873 2689 ta
896 2634 923 2690 si
946 2634 1069 2691 dictum
1093 2639 1180 2689 esset
1201 2626 1267 2705 tibi,
1292 2633 1436 2689 eiusdem
1525 2684 1526 2703 ,

291 2739 378 2807 esset
411 2732 542 2807 generis
569 2740 666 2806 atque
698 2731 788 2790 Verr.
810 2731 864 2792 III.
887 2734 935 2790 58.
960 2732 1018 2790 134
1047 2739 1079 2789 et
1105 2732 1153 2790 39.
1176 2731 1224 2790 89.
1250 2731 1333 2789 Nam
1367 2748 1436 2788 esse

291 2833 435 2908 glossam
457 2847 641 2906 pronomen
667 2833 824 2907 pendens,
856 2833 891 2890 id
915 2834 1006 2906 duod
1034 2833 1074 2889 de
1098 2831 1279 2890 Siculorum
1305 2831 1437 2889 nomine
1525 2836 1526 2915 J

291 2932 443 3005 opineris,
467 2932 532 2988 dici
554 2948 621 2990 non
643 2940 761 3007 potest.
805 2933 978 2991 Attamen
1000 2948 1068 2989 non
1090 2934 1196 2991 minus
1219 2931 1297 2988 iilud
1312 2931 1437 2989 auctori
1525 3006 1526 3011 η

291 3032 499 3089 tribuendum
523 3039 572 3089 est
595 3049 692 3104 quam
713 3034 784 3104 hoc,
808 3034 883 3105 quia
905 3040 1043 3106 utroque
1066 3033 1141 3090 loco
1158 3032 1438 3106 perspicuumst,

291 3132 377 3189 unde
401 3132 564 3189 exstiterit
585 3133 666 3190 haee
691 3133 849 3191 orationis
865 3133 1084 3191 conformatio
1108 3123 1336 3200 ἆνακόλουθος
1358 3146 1438 3204 quae
1525 3210 1526 3213 Ἴ

290 3239 436 3289 vocatur.
471 3230 542 3289 Illic
565 3234 652 3290 enirn
676 3234 843 3291 enuntiato
865 3232 1038 3308 temporali
1060 3248 1134 3289 cara
1155 3247 1208 3289 eos
1228 3246 1312 3289 nano
1334 3246 1438 3288 caena·
1525 3234 1526 3267 ³

288 3325 347 3407 pio
369 3334 574 3389 arcesserent
595 3333 766 3390 interiecto
784 3350 858 3390 cmn
880 3333 1020 3409 fugisset
1036 3332 1199 3390 dicentem
1215 3333 1284 3389 eius
1299 3333 1438 3395 nominis
1525 3380 1526 3409 3

293 3430 348 3500 (sc.
371 3428 482 3500 Siculi)
505 3431 619 3515 forma,
646 3434 688 3490 ad
715 3434 804 3505 qnod
830 3433 1034 3492 referebatur
1059 3448 1244 3507 pronomen
1271 3432 1439 3489 relativum
1525 3414 1526 3465 i

293 3529 349 3600 (sc.
387 3529 491 3604 quos),
532 3534 642 3607 posuit
675 3549 859 3608 pronomen
896 3533 1182 3602 demontrativum,
1219 3532 1331 3605 idque,
1369 3548 1440 3589 cum
1525 3570 1526 3619 3

293 3640 427 3706 propter
449 3632 574 3689 formae
597 3635 802 3691 arcesserent
824 3633 1025 3690 vicinitatem
1051 3632 1171 3705 nocent,
1194 3647 1261 3690 non
1285 3634 1439 3689 nocentur
1525 3632 1526 3635 ’

293 3732 438 3788 dicturus
476 3740 571 3803 esset,
606 3749 674 3790 non
710 3733 743 3789 in
777 3733 882 3807 primo
917 3749 1003 3804 casu,
1041 3749 1138 3805 quem
1171 3748 1284 3790 casum
1316 3733 1438 3789 formae

292 3824 396 3888 Siculi
429 3848 662 3905 responsurum
698 3833 798 3890 fuisse
836 3850 934 3907 supra
971 3833 1275 3905 demonstravimus,
1313 3833 1373 3890 sed
1408 3832 1439 3889 in

293 3915 409 4003 quartu
442 3947 521 3989 casu
555 3930 638 4002 (eos)
672 3934 789 4008 posuit.
824 3963 860 3970 -
895 3932 997 3990 Simili
1030 3933 1130 3991 modo
1164 3940 1331 4006 postremo
1366 3934 1437 3989 loco

295 4029 544 4099 (1161111111.
568 4029 639 4101 165)
665 4035 769 4091 oratio
793 4033 964 4091 aberravit.

393 4164 458 4223 Sed
482 4167 524 4223 ad
547 4166 644 4224 alium
667 4167 864 4225 accedamus
886 4167 1003 4239 locum,
1037 4168 1091 4224 ubi
1118 4174 1224 4224 utrum
1251 4183 1372 4223 nomen
1395 4166 1436 4221 in·

294 4265 480 4322 ducendum
504 4268 544 4324 sit
566 4282 679 4338 necne,
702 4267 814 4340 paucis
838 4267 1043 4325 disseremus.
