3102 4934
294 563 365 618 tum
390 555 427 619 iu
454 555 572 619 8131113
600 556 738 640 33331113
765 556 889 619 Diouis
916 555 1159 638 interfuissent,
1192 575 1267 619 oum
1296 575 1361 638 per
1394 576 1445 617 333

294 656 384 739 ipsos
406 655 486 732 dies,
514 676 683 739 perquer
716 676 855 721 causam
877 656 946 719 Dio
979 656 1112 735 diceret,
1145 656 1443 738 reperiretur...

294 761 448 820 Fortasse
463 779 505 819 ne
528 762 626 820 talem
649 762 781 835 quidem
797 762 906 821 locum
929 761 1038 820 afferri
1061 763 1174 820 inutile
1190 769 1247 832 est,
1270 762 1374 835 qualis
1398 770 1444 819 est

294 861 385 920 Verr.
414 861 437 919 1.
470 861 519 920 39.
555 862 614 919 100
658 853 754 929 Quod
787 857 898 920 minue
931 856 1112 921 Dolabella
1147 857 1242 919 Verri
1274 864 1442 940 acceptum

292 956 431 1029 rettulit,
465 977 566 1039 quam
599 957 718 1020 Verres
755 956 809 1020 illi
841 978 1024 1040 eapeueum
1060 956 1261 1021 tulerit...
1295 963 1326 1019 et
1358 958 1443 1039 quod

292 1056 372 1139 plus
415 1056 498 1138 fecit
545 1056 726 1121 Dolabella
772 1056 908 1120 Verrem
948 1057 1122 1140 accepisse,
1164 1077 1266 1139 quam
1306 1056 1368 1120 1313
1411 1056 1443 1119 in

294 1156 365 1219 3313
398 1156 521 1220 tabulis
553 1156 668 1220 babuit
690 1206 696 1219 .
722 1205 760 1219 ..
816 1162 899 1221 Nam
932 1163 960 1221 si
993 1163 1115 1239 regulis
1149 1164 1247 1221 certis
1280 1168 1441 1236 tamquam

293 1263 433 1321 vinculis
455 1263 630 1337 impeditus
646 1270 740 1334 essct,
764 1271 880 1321 auctor
894 1265 1033 1321 tortasse
1054 1264 1239 1338 scripsisset
1253 1270 1322 1321 aut:
1345 1279 1442 1340 quam

292 1355 354 1420 iste
376 1354 430 1419 illi
452 1376 631 1439 appensum
656 1356 771 1420 tulerit
803 1370 870 1421 aut:
904 1377 1005 1439 quam
1033 1358 1150 1420 Verres
1172 1359 1208 1420 iu
1230 1357 1301 1421 3313
1322 1358 1443 1422 tubulis

296 1454 419 1519 babuit.

396 1561 505 1620 Verba
536 1569 653 1634 eutem,
686 1579 770 1636 quae
803 1562 893 1620 Verr.
926 1563 963 1620 Η.
997 1563 1045 1621 23.
1079 1566 1118 1621 bb
1151 1564 1312 1640 leguntur,
1347 1565 1444 1640 digna

297 1668 380 1734 sunt,
414 1677 497 1735 quae
520 1661 737 1733 attendantur,
764 1664 840 1735 quia
862 1661 978 1721 Cicero
1002 1679 1084 1734 eum,
1108 1680 1204 1736 quem
1226 1668 1302 1721 ante
1326 1679 1442 1738 prono·

297 1762 384 1820 mine
420 1762 612 1838 designavit,
645 1763 777 1821 nomine
811 1763 882 1838 ipso
916 1764 1065 1838 appellat.
1118 1758 1280 1822 Homines
1303 1759 1443 1842 11331333

292 1856 571 1938 proficiscuntur,
587 1855 782 1939 Epicratem
798 1857 996 1921 3333331331
1018 1866 1048 1921 31
1071 1859 1327 1924 demonstraret.
1352 1910 1359 1924 .
1385 1909 1391 1920 .
1413 1879 1443 1921 33

219 1994 225 2003 ·
297 1956 427 2020 dedisse
433 1978 447 2035 ,·
478 1963 600 2039 repant
623 1976 706 2035 eum,
734 1963 771 2020 ut
794 2007 800 2019 .
825 2005 831 2019 .
856 2005 863 2021 .
887 1965 988 2034 curet,
1013 2007 1019 2020 .
1044 2007 1050 2020 .
1076 2007 1082 2021 .
1107 1959 1147 2022 de
1173 1958 1238 2022 illa
1263 1958 1443 2023 hereditate

297 2077 371 2120 cum
387 2055 547 2139 Epicrate
561 2056 726 2119 neminem
742 2078 809 2120 3333
824 2064 988 2120 aetitrum.
1034 2057 1212 2141 Epicrates
1234 2107 1241 2121 .
1265 2106 1274 2122 .
1297 2107 1305 2124 .
1321 2064 1443 2123 Eodem

297 2164 461 2237 pertinent
482 2163 593 2234 verba,
616 2179 699 2236 quae
723 2170 798 2221 sunt
820 2163 897 2222 ibid.
919 2163 957 2220 H.
973 2162 1021 2221 36.
1044 2164 1084 2221 89
1100 2157 1189 2222 Eum
1205 2166 1317 2223 autem
1332 2159 1443 2223 statim

297 2256 523 2321 inimicissimi
545 2257 659 2321 Stheni
681 2258 817 2321 domum
839 2279 936 2323 suurn
964 2259 1118 2337 13311331,
1140 2267 1177 2323 31
1199 2259 1354 2324 animum
1377 2260 1442 2322 3133

296 2357 333 2420 13
354 2356 527 2422 Sthenium
548 2357 799 2440 inflammarent
822 2407 829 2421 .
855 2409 862 2421 .
886 2387 906 2439 .;
929 2365 1006 2423 ibid.
1028 2364 1066 2422 H.
1093 2364 1142 2423 46.
1170 2364 1229 2422 113
1252 2358 1358 2422 Estne
1385 2359 1442 2436 bio,

296 2458 353 2539 qui
380 2459 472 2540 apud
491 2453 547 2521 On.
565 2458 771 2540 Pompeiam,
787 2458 1014 2523 clarissimum
1036 2460 1156 2532 virum,
1172 2480 1247 2523 cum
1269 2467 1442 2524 333333133

297 2564 388 2631 33331,
529 2557 579 2622 113
615 2579 636 2622 3
675 2555 732 2622 Cn.
770 2559 927 2642 Pompeio
963 2559 1135 2625 absolutus
1172 2567 1227 2638 331,
1264 2566 1302 2622 31
1338 2560 1375 2622 iu
1410 2580 1442 2621 eo

296 2658 369 2741 ipso
412 2658 538 2723 iudicio
575 2659 755 2742 Pompeius
791 2659 877 2724 11333
921 2660 1062 2744 herpillo
1106 2682 1165 2723 333
1209 2660 1441 2744 dipnissimum

297 2760 476 2823 3131333311

397 2864 467 2923 Nec
489 2872 601 2924 carent
623 2866 700 2923 talia
722 2866 824 2923 verba
847 2883 896 2937 eo,
919 2868 1008 2939 quod
1031 2867 1210 2925 attentione
1234 2867 1371 2943 dignum
1398 2866 1442 2934 sit,

298 2965 405 3038 qualia
426 2965 508 3024 haec
530 2973 612 3038 sunt,
636 2982 719 3039 quae
742 2967 907 3043 leguntur:
931 2966 1018 3024 Verr.
1036 2966 1088 3024 III.
1109 2967 1156 3023 24.
1177 2966 1218 3024 60
1240 2961 1270 3023 A
1287 2957 1323 3033 Q.
1341 2959 1442 3044 Apro·

298 3059 363 3139 nio,
385 3060 522 3140 13311333,
544 3060 675 3124 11333133
696 3061 732 3124 13
755 3063 913 3125 dedecere
936 3068 1024 3141 nuto,
1047 3063 1093 3126 ud
1108 3060 1354 3144 turpitudinem
1370 3060 1442 3124 edu-

298 3167 380 3240 3313,
408 3162 453 3225 ad
476 3162 590 3225 Verris
610 3161 743 3246 flapitia
763 3160 983 3244 libidinesque
1005 3162 1270 3240 adcommodato,
1305 3160 1442 3243 equitem

298 3262 489 3325 Romanum
512 3262 624 3325 scitote
647 3263 785 3326 biduum
807 3262 875 3326 cibo
898 3269 1042 3344 tectoque
1063 3260 1280 3345 prohibitum,
1309 3260 1443 3325 11313333

299 3361 470 3426 Leontinis
501 3362 537 3426 iu
567 3364 646 3445 foro
679 3363 839 3427 custodiis
864 3362 997 3446 Aproni
1022 3369 1186 3426 retentum
1213 3369 1311 3443 atque
1334 3363 1443 3426 adser-

298 3469 413 3525 vatum
439 3485 542 3547 neque
575 3472 653 3528 aute
685 3463 871 3537 dimissum,
905 3484 1006 3546 quam
1039 3464 1085 3527 ud
1118 3462 1345 3526 euridicionem
1377 3461 1444 3524 eius

299 3567 454 3648 depectus
476 3573 531 3629 331.
576 3571 640 3631 Ubi
663 3571 791 3629 omissis
825 3572 880 3643 eis,
915 3587 997 3644 quae
1031 3570 1224 3645 interposita
1250 3576 1333 3640 sunt,
1367 3570 1445 3626 haee

300 3673 463 3730 dicuntur:
486 3666 516 3729 A
541 3664 576 3740 Q.
601 3664 753 3749 Apronio
776 3666 916 3748 equitem
938 3666 1130 3728 Romanum
1152 3664 1265 3728 3311313
1288 3662 1445 3727 3331331113

298 3765 430 3850 Aproni
444 3774 618 3830 retentum.
657 3770 752 3845 Quod
768 3773 956 3848 exemplum
970 3772 1110 3842 effertur,
1125 3785 1192 3829 non
1208 3770 1286 3842 quin
1301 3768 1444 3845 intellegi

299 3875 404 3948 possit
425 3874 567 3932 nominis
584 3874 721 3945 11333113,
737 3889 833 3946 quam
850 3888 893 3929 ex
908 3879 956 3931 tot
971 3872 1133 3945 tantisque
1149 3871 1331 3929 sententiae
1351 3869 1445 3945 parti-

298 3976 360 4033 bus
382 3975 560 4032 interiectis
583 3981 692 4032 natam
709 3990 781 4032 esse
797 3974 1005 4032 manifestum
1021 3979 1078 4043 est,
1094 3971 1154 4029 sed
1169 3972 1246 4044 quia
1260 3971 1320 4042 hic,
1337 3970 1444 4043 quam-

299 4091 396 4148 quam
427 4089 496 4132 non
527 4076 628 4132 modo
656 4075 789 4132 nomine
816 4074 949 4149 proprio
977 4073 1124 4148 repetite,
1152 4072 1211 4129 sed
1237 4071 1378 4130 fortasse
1405 4085 1444 4127 ne

299 4177 495 4250 pronomine
522 4176 654 4248 quidem
682 4190 764 4249 opus
793 4181 869 4245 orat,
904 4174 1024 4232 criticis
1047 4174 1080 4230 in
1102 4172 1251 4230 mentem
1266 4186 1334 4229 non
1357 4171 1446 4229 venit

300 4277 552 4351 interpolatoris,
581 4292 655 4334 cum
678 4292 776 4349 saepe
800 4277 841 4333 de
865 4277 911 4332 eis
935 4275 1207 4345 addubitaverim,
1234 4287 1317 4346 quae
1341 4272 1445 4329 minus
