3102 4934
737 332 944 390 -22-

369 516 457 574 Verr.
480 514 517 574 V.
539 515 587 574 30.
617 515 656 572 78
683 559 690 575 .
719 558 726 572 .
755 559 762 572 .
796 530 872 574 cam
904 518 1071 576 constaret
1103 511 1206 575 istum
1238 512 1420 597 Syracusis

269 632 290 674 a
313 609 406 674 italio
428 611 537 674 cisum
560 630 628 674 esse
651 609 895 693 archipiratam
919 611 1034 689 (istam
1057 660 1063 674 .
1089 662 1096 678 .
1119 662 1126 675 .
1149 611 1419 696 archipiratam).

367 713 457 789 Quae
479 717 658 774 verborum
681 716 856 775 collocatio
879 733 947 776 nou
970 734 1044 776 raro
1068 719 1109 775 ab
1132 720 1251 779 usitate
1273 721 1417 793 aliquan·

267 825 334 875 tum
357 817 505 887 discedit,
541 817 630 875 velut
656 816 745 876 Verr.
772 816 824 875 IV.
849 819 895 876 ll.
923 817 962 877 25
989 811 1087 877 nulla
1118 812 1178 878 hoc
1204 814 1322 880 civitas
1348 835 1418 877 am·

266 932 368 994 qaam
390 911 462 976 alia
484 911 656 990 commisit,
692 932 767 992 pro:
801 911 898 977 trulla
929 912 1002 977 alia
1023 912 1140 979 ciuitas
1172 913 1231 978 hoc
1259 934 1418 997 umquam

268 1011 440 1075 coptmisit.

367 1117 506 1192 Propius
539 1125 649 1177 autem
681 1119 811 1177 accedit
843 1119 885 1177 ad
917 1119 1005 1178 illam
1038 1121 1208 1179 nominum
1240 1137 1260 1179 s
1296 1122 1418 1180 criticis

259 1218 359 1276 ‘uncis
382 1218 583 1276 inclusorum
606 1219 859 1278 collocationem
881 1220 935 1277 vel
957 1219 1045 1278 idem
1072 1220 1141 1279 lere
1169 1229 1218 1278 est
1250 1221 1284 1279 id
1317 1222 1417 1280 collo·

268 1318 365 1376 candi
388 1334 501 1394 genus,
524 1319 614 1392 quod
636 1336 680 1377 ex
702 1319 751 1377 his
774 1321 935 1394 exemplis
958 1320 1171 1397 intellegitur:

367 1433 428 1492 pro
451 1417 539 1477 Sulla
556 1420 602 1477 17.
617 1420 658 1477 49
680 1412 726 1477 At
747 1433 834 1494 aero,
857 1435 933 1477 cam
954 1413 1058 1479 homos
1079 1415 1242 1499 apebatar
1259 1415 1418 1498 familiae

267 1519 396 1576 cestrae
418 1513 658 1596 amplissimus,
680 1511 739 1577 hoc
761 1520 810 1577 est
831 1513 1025 1579 consulates
1036 1515 1191 1598 pareatis
1206 1516 1265 1594 tui,
1288 1516 1418 1600 sapien·

267 1613 417 1677 tissimus
438 1613 492 1676 cir
509 1613 796 1696 familiarissimis
818 1614 889 1678 sais
911 1636 979 1678 aaa
992 1616 1189 1695 succensuit,
1206 1623 1309 1699 pater
1330 1623 1416 1696 tuus,

268 1735 343 1776 cam
366 1712 500 1778 Sullam
523 1721 553 1778 et
575 1713 793 1796 defenderent
819 1722 849 1778 et
874 1714 1077 1794 laaslareat;
1109 1723 1165 1780 ubi
1197 1722 1301 1780 verbs
1319 1724 1418 1800 pater

267 1821 346 1879 taus
379 1827 412 1878 et
443 1813 712 1897 sapientissimas
736 1815 791 1878 air
816 1837 884 1880 non
911 1821 1031 1881 tamin
1054 1838 1154 1880 unum
1177 1831 1300 1881 coeunt
1322 1839 1417 1897 quam

268 1920 439 1994 superiora
470 1921 586 1979 verba:
619 1914 721 1978 istum
743 1965 750 1979 .
774 1964 814 1981 ..
849 1915 1096 1998 archipiratam
1128 1930 1174 1981 et:
1207 1916 1315 1980 nostri

267 2014 495 2098 imperatorer.
524 2048 563 2058 -
597 2021 670 2078 Alia
696 2020 843 2079 eiusdem
878 2022 1010 2097 generis
1044 2023 1196 2098 exemplu
1221 2023 1303 2081 haec
1330 2030 1417 2082 sunt:

269 2136 327 2194 pro
355 2118 479 2178 Cluent.
508 2119 641 2179 63.176
674 2115 755 2179 Post
787 2122 927 2179 mortem
960 2116 1031 2179 eius
1058 2115 1177 2181 Sassia
1208 2115 1321 2181 meliri
1353 2124 1417 2181 sta·

267 2214 337 2296 tim,
364 2214 502 2298 nefaria
524 2214 655 2294 mulier,
686 2215 792 2298 coepit
816 2215 963 2281 insidias
983 2216 1065 2298 filio.
1098 2220 1187 2280 Verr.
1213 2222 1253 2280 II.
1280 2223 1330 2283 46.
1359 2224 1416 2280 114

268 2315 351 2394 tide,
373 2313 522 2396 inquam,
545 2315 627 2397 qaid
648 2315 736 2379 iliter
759 2322 789 2380 te
812 2323 842 2379 et
863 2315 950 2380 hatte
966 2315 1128 2397 Siculum,
1151 2317 1208 2399 qai
1230 2317 1289 2383 abs
1310 2325 1341 2383 te
1361 2324 1416 2396 est,

266 2421 410 2497 patrono
433 2413 580 2496 Siciliae,
604 2417 853 2496 condemnatas,
875 2417 1016 2481 intersit.

368 2521 410 2580 Et
425 2521 506 2580 hace
530 2522 673 2581 conferri
687 2531 834 2597 possunt,
856 2539 940 2597 quse
961 2524 1116 2600 leguntur
1134 2522 1224 2582 Verr.
1239 2522 1277 2581 II.
1300 2523 1348 2583 24.
1370 2524 1417 2594 58,

269 2620 1417 2695 mmmmmmmmmmmmwmm

267 2721 318 2780 IV.
344 2722 390 2780 18.
414 2721 461 2780 38.
504 2722 653 2797 Denique
677 2723 710 2780 in
731 2723 824 2781 initio
847 2723 986 2782 actionis
1008 2724 1132 2798 primae
1156 2724 1313 2782 orationis
1336 2725 1416 2783 haec

268 2823 370 2880 verba
397 2821 598 2880 attendenda
631 2832 706 2880 sunt
729 2822 769 2892 (1.
793 2820 848 2891 2.):
885 2816 1029 2882 Aristaei
1062 2817 1149 2881 emim
1175 2817 1349 2898 homimem,
1381 2818 1417 2880 ia

268 2938 331 2998 pao
353 2915 571 2980 reconciliare
592 2917 874 2981 emistimatioaem
893 2917 1096 2981 iudiciorum
1112 2917 1283 2997 amissam,
1306 2918 1417 2983 redire

268 3018 304 3080 itt
325 3016 473 3101 pratiam
495 3037 569 3080 cam
586 3017 717 3100 populo
734 3017 895 3096 Raptam,
917 3017 1114 3103 satisfacere
1138 3018 1262 3081 esteris
1276 3016 1417 3083 mationi-

268 3117 328 3180 bus
342 3116 497 3200 possetis,
520 3116 787 3199 depeculatorem
810 3118 947 3197 aerarii,
981 3125 1174 3182 peecatorem
1196 3117 1299 3182 Asiae
1321 3124 1417 3199 atque

268 3215 499 3300 Pamphyliae,
516 3218 726 3300 praedonem
741 3217 829 3281 iaris
843 3217 975 3297 urbani,
998 3216 1106 3281 lahem
1126 3225 1224 3300 atque
1236 3218 1416 3300 perniciem

262 3317 460 3400 provinciae
483 3315 628 3381 Siciliae.

367 3421 441 3481 lam
474 3423 674 3499 intellegitur
707 3440 750 3480 ex
782 3424 886 3482 allatis
920 3424 1093 3498 exemplis,
1130 3440 1269 3498 quorum
1304 3424 1418 3482 similis

268 3524 356 3581 nullu
376 3524 446 3580 fere
470 3524 574 3581 oratio
597 3523 743 3581 Tulliana
765 3539 833 3581 non
855 3526 961 3596 habet,
995 3524 1130 3582 multum
1152 3525 1312 3582 interesse
1335 3525 1419 3581 inter

268 3625 476 3698 hyperbaton
502 3623 582 3680 illud
616 3630 649 3681 et
682 3624 766 3682 hano
800 3625 1016 3699 appositionis
1051 3625 1312 3696 collocationem,
1345 3624 1419 3696 quis

268 3725 322 3781 illa
349 3724 506 3781 orationis
533 3724 638 3799 figura
665 3739 781 3782 eorum
808 3741 891 3797 quse
922 3725 1007 3782 inter
1040 3740 1075 3782 se
1108 3725 1280 3783 seiunctim
1314 3723 1419 3798 posita

269 3831 343 3882 sunt
375 3823 477 3881 verba
510 3824 647 3881 alterum
681 3841 754 3882 eum
788 3826 890 3883 altero
925 3834 991 3884 tam
1024 3833 1094 3882 arte
1128 3825 1290 3896 cohaeret,
1322 3831 1358 3882 ut
1385 3824 1417 3880 in

267 3940 368 3981 unum
396 3930 522 3993 coeunt,
551 3924 632 3981 haec
659 3932 767 3982 sutem
795 3925 957 3999 appositio
985 3924 1118 3983 liberius
1151 3932 1248 3997 utque
1283 3924 1418 3982 solutius

268 4025 331 4081 illis
353 4024 472 4094 verbis,
496 4024 539 4080 ud
562 4040 645 4096 quae
669 4032 803 4098 spectat,
826 4024 964 4085 additur.
1008 4025 1090 4082 Nam
1113 4023 1204 4086 Verr.
1227 4032 1287 4083 aot
1309 4023 1332 4081 I.
1355 4023 1418 4085 1,2

269 4118 415 4195 (catam
438 4119 525 4181 enim
552 4118 717 4181 horrtimem
745 4120 822 4194 cet.)
846 4133 1020 4198 postquam
1044 4140 1108 4199 quo
1143 4125 1281 4183 consilio
1316 4123 1417 4183 uddu-

269 4232 399 4281 ceretur
431 4225 530 4282 homo
565 4225 688 4282 dictum
722 4232 779 4296 est,
813 4234 882 4282 tum
908 4225 1039 4282 demum
1066 4225 1233 4299 aptissime
1261 4226 1293 4281 vi
1321 4232 1417 4296 atque
