3102 4934
739 327 945 386 ..30-

260 515 398 592 partem
417 508 541 594 pcpnii
567 507 742 594 mffropite
762 507 957 592 proiibnitt
993 508 1126 575 Renes.
1173 506 1255 587 Quis
1277 509 1420 579 omnin

263 609 427 692 praefuit,
450 609 664 693 petionibus,
688 630 772 693 qnae
794 608 909 690 noluit,
932 609 1061 674 vocavit
1083 610 1178 675 nniio
1200 613 1335 677 custode
1349 631 1418 679 εον-

266 709 355 788 titnr,
371 709 446 793 ρυλε
461 710 673 790 decemuiros,
689 731 771 793 qnos
786 708 899 784 voluit,
922 710 1152 787 renuntiavit?
1174 711 1268 777 Idem
1282 711 1416 785 linitus.

268 807 371 885 Quem
387 810 580 893 principem
602 809 828 875 renuntiarit?
863 809 1014 889 Rullum.

365 938 520 999 Similiter
547 956 670 1000 nomen
697 941 936 1000 accumulatum
958 941 1078 1016 legitur
1099 940 1188 1000 Verr.
1211 940 1262 1000 IV.
1284 941 1334 1000 ot.
1360 943 1419 1001 lto

267 1035 534 1100 Praebuerintne
563 1038 618 1114 (rc.
646 1036 778 1110 nauem)
805 1042 966 1119 proetore
1000 1032 1034 1100 0.
1065 1035 1187 1101 Verre?
1229 1037 1416 1120 Nepotem.

267 1133 532 1218 Aedificcrintnc
558 1155 676 1198 necem
704 1135 899 1199 onerarium
925 1135 1113 1200 monimum
1139 1136 1284 1219 publice,
1316 1158 1418 1220 qnam

274 1234 372 1298 Verri
394 1235 579 1299 dederent?
612 1236 746 1319 Ncpcre
769 1256 836 1303 non
851 1242 1023 1319 poterunt.
1068 1236 1290 1300 i'rnmentnm
1312 1239 1353 1302 ob
1375 1237 1417 1301 iis

266 1334 489 1418 sumpseritne
515 1331 548 1399 0.
570 1335 698 1410 Verres,
721 1335 809 1417 qnod
826 1335 954 1419 popnio
970 1336 1124 1403 Romano
1145 1336 1298 1418 mitteret,
1320 1336 1419 1402 sicuti

264 1435 477 1518 superiores?
520 1435 709 1520 Nepnbnnt.

367 1566 430 1624 Pro
463 1567 651 1624 nominibus
683 1574 791 1625 autem
824 1566 965 1641 propriis
991 1567 1155 1626 interdum
1177 1568 1296 1627 eodem
1318 1567 1418 1626 modo

268 1667 417 1742 usurpari
449 1667 646 1741 pronomine
678 1667 760 1725 hoec
793 1667 916 1725 docent
947 1667 1051 1725 verbe
1082 1682 1142 1742 pro
1165 1666 1283 1725 Macco
1307 1667 1356 1726 to.
1378 1666 1419 1724 60

267 1761 498 1825 Mithridatem
514 1761 623 1841 deum,
645 1760 743 1824 ilicem
751 1760 900 1845 μαίνοντα,Ι
913 1759 1011 1824 ditem
1027 1769 1292 1825 conservatorem
1307 1762 1415 1841 Asine,

265 1861 363 1924 iltnm
386 1860 545 1941 Παλάτιον,
568 1859 724 1945 Nysinm,
746 1860 927 1941 Bocchum,
950 1859 1109 1924 Liberem
1130 1862 1358 1927 nominabant.

266 2031 268 2036 ·
366 1990 432 2051 Sed
454 1993 496 2050 de
519 1993 566 2050 eis
588 1993 784 2064 nominibus,
818 2008 901 2066 quae
935 2008 1000 2067 quo
1034 1993 1172 2051 consilio
1205 1994 1322 2052 iterate
1349 1995 1419 2065 sint,

268 2093 476 2151 memifestum
500 2100 557 2164 est,
591 2093 670 2166 quid
691 2093 807 2151 attinet
828 2093 922 2167 plura
943 2091 1131 2166 requirere?
1173 2093 1221 2151 Ee
1241 2093 1417 2166 rideamne,

268 2209 351 2268 cquae
368 2202 565 2257 coacervata
579 2194 633 2251 vel
648 2194 771 2266 iterate,
784 2193 811 2250 si
824 2194 896 2267 quis
911 2200 1025 2251 nostro
1043 2193 1160 2252 ductus
1177 2209 1276 2251 sensu
1290 2194 1419 2265 iudient,

268 2295 408 2353 orationi
440 2310 647 2369 nequaquem
681 2302 873 2353 ornamento
908 2300 990 2352 sunt.
1034 2294 1209 2351 Attamen
1239 2293 1300 2351 hac
1329 2294 1364 2351 in
1383 2309 1419 2352 re

266 2395 433 2453 veteribus
457 2402 489 2453 et
511 2391 645 2453 Graecis
668 2401 701 2452 et
721 2393 877 2453 Romanis
904 2393 967 2451 elie
999 2401 1097 2467 etque
1129 2393 1226 2451 nobis
1257 2393 1418 2468 placuisse

266 2495 320 2552 vel
343 2512 386 2552 ex
408 2495 471 2552 hoc
486 2496 559 2569 ipso
579 2495 786 2570 intellegitur,
809 2493 899 2568 quod
914 2494 1094 2552 sescenties
1109 2493 1219 2569 parvis
1241 2494 1418 2552 intervallis

268 2594 384 2654 eedem
407 2610 491 2652 voce
514 2595 563 2653 usi
586 2603 668 2653 sunt.
712 2594 825 2668 Neque
848 2611 868 2652 a
889 2595 1076 2653 nominibus
1098 2593 1240 2671 propriis
1262 2593 1418 2652 iterandis

268 2695 476 2753 abhorruisse
509 2695 582 2759 illos
608 2711 706 2753 nemo
734 2694 876 2771 negabit,
910 2695 964 2768 qui
987 2710 1084 2768 quem
1106 2694 1170 2751 late
1192 2694 1334 2769 potuerit
1356 2695 1419 2753 tale

267 2794 424 2868 loquendi
446 2811 559 2871 genus,
582 2795 806 2853 considerarit.
835 2792 971 2869 Scripsit
994 2795 1080 2852 enim
1103 2793 1193 2855 Plato
1210 2790 1310 2870 Gorg.
1326 2793 1419 2852 tntu

267 2884 402 2953 ἐπειδάν
423 2886 482 2953 οὖν
503 2884 684 2975 ἀφίκωνται
704 2885 796 2975 παρὰ
816 2884 877 2952 τδν
891 2883 1054 2971 δικαστήν,
1076 2884 1107 2955 οἳ
1120 2889 1181 2970 μὲν
1195 2886 1228 2951 ἐκ
1242 2884 1297 2970 τῆς
1314 2883 1419 2962 Ἀσίας

268 2985 359 3072 παρά
394 2985 455 3052 τδν
483 2984 732 3071 Ῥαδάμανθυν,
765 2985 783 3053 ὁ
814 2981 1050 3068 Ῥαδάμανθυς
1081 2986 1218 3062 ἐκείνους
1248 2985 1422 3072 intortum

269 3086 387 3154 θεᾶται
420 3084 553 3155 ἑκάστου
584 3085 643 3172 τὴν
675 3085 793 3179 ψυχήν.
841 3093 971 3171 Proteg.
999 3092 1096 3151 3360
1129 3089 1158 3151 εί
1187 3088 1249 3170 μὲν
1279 3085 1339 3161 οὖν
1369 3090 1421 3155 καὶ

268 3183 486 3275 Πρωταγόρας
504 3187 659 3272 ὁμολογεῖ
677 3184 876 3275 φαυλότερος
894 3192 978 3253 εἶναι
991 3184 1177 3273 Σωκράτους
1195 3185 1421 3273 διαλεχθῆναι,

268 3291 393 3375 ἐξαρκεῖ
405 3286 573 3377 Σωκράτει.
602 3295 851 3355 rosconmon
873 3292 927 3353 nai
942 3285 981 3354 σύ
996 3312 1031 3352 τε
1052 3284 1166 3352 ttrite
1187 3283 1284 3375 φράζε
1298 3294 1421 3368 Λυσίᾳ,

270 3387 322 3454 ὅτι
343 3388 388 3456 roi
411 3388 592 3470 καταβάντε
613 3391 645 3465 ἐς
666 3386 703 3464 ro*
727 3386 878 3475 Νομφςάν
899 3386 988 3472 νάμά
1009 3412 1043 3451 τε
1064 3392 1118 3453 καί
1145 3398 1297 3471 μουσείου
1329 3385 1421 3473 ἡκού-

270 3511 372 3574 σαμεν
392 3489 512 3571 λόγων,
535 3498 569 3555 οἳ
586 3489 780 3563 ἐπέστελλον
802 3489 907 3569 λε”γειυ
929 3493 1040 3568 Λυσίᾳ
1062 3537 1070 3555 .
1094 3537 1102 3552 .
1126 3537 1133 3552 .

370 3623 484 3696 Neque
506 3623 609 3681 rarius
631 3623 666 3681 in
687 3637 776 3681 novo
801 3623 967 3681 enuntiato
991 3621 1163 3697 principali
1184 3622 1342 3679 iterantur
1365 3636 1421 3683 uo·

270 3725 370 3797 minor
406 3725 489 3783 sicut
521 3722 609 3799 apud
642 3722 783 3783 eundem
815 3722 984 3781 Platonem
1017 3722 1136 3807 legitur
1167 3721 1298 3780 Theaet.
1327 3720 1424 3781 183ss

272 3817 440 3883 Μέλισσον
461 3819 522 3900 μὲν
543 3821 596 3881 καὶ
617 3813 692 3892 τούς
713 3815 832 3892 ἄλλους
857 3865 864 3881 .
888 3865 896 3881 .
919 3865 927 3882 .
951 3865 958 3881 .
991 3813 1088 3899 ἦττον
1109 3810 1305 3897 αἰσχύνομαι
1326 3813 1344 3898 ἢ
1366 3819 1424 3889 ἕνα

273 3917 355 3982 ὄντα
376 3917 592 4003 Παρμενίδην.
636 3916 839 4001 Παρμενίδης
860 3916 971 3999 δέμον
992 3921 1144 4001 φαίνεται
1166 3962 1174 3978 .
1197 3962 1237 3979 ..
1274 3922 1315 3980 Et
1336 3921 1424 3997 opud

271 4025 542 4100 Xenophontem:
581 4023 674 4083 Mem.
697 4023 735 4081 II.
758 4024 785 4081 9.
809 4023 827 4082 6
850 4013 867 4081 ὁ
893 4017 936 4098 δέ,
959 4012 1113 4090 συνειδώς
1132 4010 1219 4099 αὐτῷ
1241 4011 1350 4087 πολλὰ
1370 4019 1422 4089 καὶ

272 4114 410 4201 πονηρά,
432 4114 531 4183 πάντ’
552 4118 667 4194 ἐποίει,
687 4115 773 4185 οἷστε
794 4112 1025 4199 δπαλλαγῇνατ
1045 4113 1103 4185 τοῦ
1120 4113 1323 4199 Ἀρχεδάμου.
1344 4112 1364 4181 δ
1388 4114 1424 4178 δὲ

267 4216 459 4303 Ἀρχέδημος
490 4214 547 4285 οὐκ
579 4213 803 4302 ἀπηλλάττετο
826 4266 833 4280 .
857 4266 864 4282 .
889 4266 896 4279 .
930 4231 962 4282 et
989 4224 1086 4298 paulo
1109 4232 1186 4298 post
1209 4219 1253 4293 (t)
1274 4220 1423 4292 ‘eiusdem
