3102 4934
599 374 721 431 ..35
766 404 802 410 ...

119 570 179 612 eos
203 556 285 613 fines
301 555 466 613 excedere
491 557 695 629 crediderim,
718 557 835 630 quibus
861 557 1025 632 elegantia
1042 555 1187 614 Tulliana
1221 575 1277 631 pu·

118 662 208 712 tatur
229 656 399 714 contineri.

223 788 295 845 Alia
318 789 387 845 eius
411 788 500 847 modi
524 800 612 848 sunt:

227 921 314 979 Verr.
338 922 391 980 Ill.
416 924 465 981 25.
486 924 535 983 62.
589 918 770 995 Statuitur,
803 925 840 982 ut
861 918 945 998 uico,
979 938 1075 1000 eques
1102 920 1275 983 Bassianus

119 1065 127 1079 .
156 1065 161 1076 .
187 1063 195 1078 .
217 1016 254 1078 in
276 1014 409 1100 Aproni
431 1017 590 1096 concivio,
613 1038 689 1082 cum
711 1019 840 1082 interea
862 1016 1034 1102 Apronius
1047 1014 1156 1102 ¹caput
1177 1027 1276 1102 atque

119 1136 282 1181 ossuum
304 1124 472 1201 unpuento
494 1119 707 1201 confricaret,
736 1124 811 1182 ibid.
834 1123 889 1182 III.
913 1123 960 1181 30.
985 1124 1024 1183 13
1057 1119 1099 1183 Ut
1115 1121 1277 1202 probaret

121 1215 300 1300 Apronius
333 1216 392 1281 hoc
425 1217 585 1295 triticum,
619 1220 707 1301 quael
741 1220 770 1282 ei
802 1219 957 1296 dabatur,
990 1219 1134 1302 imperat
1155 1219 1276 1304 Appri-

119 1315 281 1379 nensibus
304 1317 432 1396 Verres,
467 1325 503 1381 ut
535 1318 572 1381 in
605 1319 775 1383 medimna
809 1318 945 1404 sinpulu
977 1320 1099 1383 eleuter
1125 1319 1276 1403 Apronio

119 1414 192 1479 HS.
227 1421 303 1481 ibid
325 1422 379 1481 III.
402 1423 450 1483 oo.
476 1424 534 1482 152
567 1417 724 1483 Adsentu
757 1419 794 1482 L.
834 1418 960 1482 Metelli
986 1420 1168 1501 praetoris,
1201 1442 1276 1483 cum

120 1537 238 1580 omnes
271 1516 341 1580 eius
373 1518 508 1582 consites
541 1519 603 1583 iste
636 1519 700 1582 sibi
731 1540 791 1583 suo
826 1518 885 1583 illo
905 1517 1108 1602 panchresto
1134 1521 1276 1584 medica·

120 1623 234 1680 merito
257 1617 380 1681 amicas
402 1618 614 1699 reddidisset,
637 1619 769 1684 adituum
792 1626 840 1682 est
862 1620 908 1682 art
930 1618 1120 1696 Metellum·
1141 1627 1217 1686 ibid.
1239 1626 1277 1691 V.

120 1721 173 1779 40.
209 1722 267 1779 104
297 1725 460 1801 poterone
496 1740 549 1782 eos
585 1720 721 1802 afficere
756 1719 935 1802 supplicio,
972 1719 1029 1801 qui
1067 1716 1277 1784 Cleomenem

120 1816 229 1880 secuti
260 1825 347 1892 sunt,
381 1818 549 1902 ipnoscere
586 1816 766 1900 Cleomeni,
799 1819 857 1901 qui
888 1840 999 1883 secum
1028 1820 1148 1902 supere
1181 1827 1211 1884 et
1243 1842 1276 1883 se

122 1917 280 1998 cosrcsequi
302 1918 420 1982 insui?
473 1923 537 1983 Ubi
571 1934 681 1983 tamen
714 1925 884 1983 antithesis
917 1941 983 1983 non
1010 1926 1182 1998 deleretur,
1216 1928 1277 1985 etsi

123 2023 337 2082 scriberetur:
365 2019 394 2081 ei
417 2020 482 2101 ipsi
504 2024 558 2081 vel
581 2025 705 2083 similia.
740 2025 817 2082 ibid.
839 2024 876 2082 V.
899 2027 947 2082 44.
971 2025 1030 2083 116
1066 2020 1276 2085 Phalacrum

124 2114 383 2201 Centuripinum
406 2119 563 2182 clinnum
586 2126 760 2202 receptum
783 2139 851 2183 esse
874 2140 896 2183 a
919 2115 1103 2199 Cleomene,
1130 2121 1218 2202 quod
1240 2122 1277 2184 in

122 2217 197 2281 eius
219 2218 431 2300 quadriremi
455 2216 648 2284 Cleomenes
674 2226 785 2282 uectus
812 2226 903 2282 esset.
949 2224 1082 2300 Philipp.
1105 2225 1143 2282 Π.
1166 2225 1214 2284 38.
1236 2228 1275 2284 97

122 2314 181 2379 An
206 2314 362 2384 Caesaris
384 2320 514 2384 decreto
539 2315 639 2384 Creta
659 2327 738 2402 post
761 2320 805 2382 M.
831 2319 934 2383 Bruti
966 2320 1136 2384 decessum
1163 2322 1276 2403 potuit

125 2417 277 2499 liberari,
311 2441 385 2482 tatem
421 2416 520 2485 Creta
555 2419 636 2482 rtihil
664 2421 709 2484 ad
735 2420 884 2483 Brutum
914 2416 1057 2485 Caesare
1083 2421 1156 2484 civo
1172 2421 1277 2503 perti-

125 2520 241 2583 neret?
285 2526 361 2584 ibid.
393 2525 480 2585 XIII.
515 2527 561 2583 14.
594 2525 635 2583 30
685 2521 804 2583 Utrum
840 2519 945 2603 ipitur
977 2520 1125 2602 aequius,
1162 2527 1277 2591 utrum

125 2618 248 2683 melius
279 2620 330 2683 rei
356 2620 514 2703 publicae
542 2620 613 2703 fuit
650 2615 706 2683 Cn.
735 2620 932 2702 Pompeium
958 2641 1004 2685 un
1031 2627 1189 2684 sectorem
1219 2618 1276 2684 Cn.

127 2720 267 2803 Pompei
289 2720 407 2798 cicere,
430 2719 635 2783 Antonium?

229 2859 267 2916 ln
294 2859 452 2936 exemplis
481 2875 579 2934 supra
612 2860 716 2917 allatis
743 2861 775 2916 111
802 2876 868 2917 una
900 2859 1083 2932 eademque
1117 2863 1277 2919 sententia

126 2975 250 3018 nomen
271 2961 414 3031 iteratur,
448 2960 516 3017 sive
540 2960 572 3016 in
596 2960 643 3017 cis
676 2977 760 3032 quac
782 2968 851 3016 arte
885 2960 969 3016 inter
995 2976 1029 3016 se
1057 2960 1279 3019 cohaerebant

127 3060 319 3119 sententiae.
362 3059 524 3133 Persacpc
558 3066 666 3117 autem
699 3060 732 3117 in
766 3059 834 3117 eius
867 3058 958 3119 modi
983 3061 1079 3117 novis
1107 3062 1276 3118 sententiis

125 3167 320 3233 repetuntur
341 3160 482 3231 nomina,
515 3161 548 3216 in
576 3160 692 3232 quibus
715 3176 899 3233 pronomen
921 3174 981 3234 pro
1004 3161 1122 3217 iterato
1144 3161 1277 3217 nomine

126 3261 206 3335 poni
243 3261 356 3334 possit.
413 3260 574 3334 Repetitio
612 3267 723 3317 tamen
758 3260 812 3317 vel
856 3261 1064 3318 coacervatio
1108 3261 1277 3318 nominum

125 3362 268 3418 fortasse
292 3376 334 3417 ex
358 3361 515 3418 orationis
539 3360 650 3417 colore
678 3360 815 3432 asstitit,
848 3376 923 3417 nam
958 3375 1072 3418 ornnes
1106 3360 1175 3416 iere
1209 3362 1277 3418 eius

125 3462 218 3520 modi
251 3460 316 3518 loci
349 3461 548 3519 alacritatem
583 3461 746 3532 quandam
779 3476 857 3534 prae
895 3477 929 3518 se
966 3460 1082 3531 ierunt,
1119 3476 1202 3533 quae
1236 3476 1279 3517 ex

125 3561 395 3637 interrogationis
421 3561 528 3618 forma
554 3576 593 3618 ac
621 3561 764 3617 nomime
798 3559 1015 3618 collocatione
1048 3567 1191 3633 apparet,
1224 3568 1278 3617 aut

128 3661 270 3719 oratoris
294 3661 435 3718 studium
460 3660 508 3717 rei
523 3661 668 3718 breviter
682 3661 921 3734 perspicueque
937 3660 1173 3733 explanandae,
1189 3661 1278 3732 quod

126 3779 170 3817 ex
194 3761 429 3819 sententiarum
450 3760 681 3818 nonnullarum
704 3760 816 3836 collIgi
839 3766 948 3833 potest
970 3760 1138 3817 brevitate.
1174 3759 1277 3829 Adde,

127 3861 218 3934 quod
240 3876 399 3935 persaepe
422 3860 511 3918 nulla
532 3860 691 3933 particula
712 3860 820 3933 posita
843 3860 979 3917 alterum
1001 3859 1094 3917 alteri
1110 3859 1277 3917 enuntiato

126 3961 268 4019 additur.
310 3958 361 4015 Ad
395 3976 491 4033 quam
524 3959 720 4016 sententiam
754 3957 980 4016 affirmandam
1013 3958 1093 4015 haec
1128 3958 1278 4031 exempla

125 4046 282 4119 videntur
312 4075 384 4116 esse
418 4068 506 4134 apta:
533 4058 623 4117 Verr.
650 4057 702 4115 IV.
736 4059 784 4115 24.
814 4057 854 4115 53
887 4052 1018 4115 Invenit
1044 4049 1279 4135 Archaputltus

117 4175 261 4240 paucos,
284 4153 341 4235 qui
364 4153 484 4216 uellent
506 4154 672 4236 accipere,·
698 4153 742 4216 iis
764 4152 865 4217 dedit.
915 4151 984 4215 Eos
999 4171 1152 4214 nummos
1167 4158 1278 4213 tumen

124 4256 188 4319 iste
203 4251 420 4336 Areluputho
442 4275 508 4317 non
521 4252 679 4316 rerltlielit.
722 4253 834 4317 Voluit
850 4254 976 4315 Romae
988 4257 1137 4333 repetere
1152 4248 1275 4314 Archa·
